dt,comptime,Phe_Bid,Phe_Ask,Phe_bid_chng,Phe_ask_chng,phe_sig,Phediff,btc_price
12/03/2022 08:58:29,1670075909.0,423133000.0,418933000.0,,,,,
12/03/2022 08:59:09,1670075949.0,449527000.0,416474000.0,0.06,-0.01,,,
12/03/2022 09:18:43,1670077123.0,497060000.0,508465000.0,0.1,0.18,,,
12/03/2022 09:20:01,1670077201.0,515635000.0,492853000.0,0.04,-0.03,,,
12/03/2022 09:20:29,1670077229.0,502885000.0,506005000.0,-0.03,0.03,,,
12/03/2022 09:20:58,1670077258.0,498421000.0,495902000.0,-0.01,-0.02,,,
12/03/2022 09:21:26,1670077286.0,499440000.0,474916000.0,0.0,-0.04,,,
12/03/2022 09:21:54,1670077314.0,435766000.0,468207000.0,-0.15,-0.01,,,
12/03/2022 09:22:23,1670077343.0,481886000.0,486294000.0,0.1,0.04,,,
12/03/2022 09:22:51,1670077371.0,502312000.0,498487000.0,0.04,0.02,,,
12/03/2022 09:23:19,1670077399.0,501885000.0,498319000.0,-0.0,-0.0,,,
12/03/2022 09:23:48,1670077428.0,507587000.0,479023000.0,0.01,-0.04,,,
12/03/2022 09:24:16,1670077456.0,355540000.0,496205000.0,-0.43,0.03,,,
12/03/2022 09:24:44,1670077484.0,257196000.0,401302000.0,-0.38,-0.24,,,
12/03/2022 09:25:13,1670077513.0,328138000.0,437998000.0,0.22,0.08,,,
12/03/2022 09:25:41,1670077541.0,326870000.0,439278000.0,-0.0,0.0,,,
12/03/2022 09:26:09,1670077569.0,361032000.0,447119000.0,0.09,0.02,,,
12/03/2022 09:26:38,1670077598.0,363665000.0,435863000.0,0.01,-0.03,,,
12/03/2022 09:27:06,1670077626.0,362247000.0,490889000.0,-0.0,0.11,,,
12/03/2022 09:27:35,1670077655.0,432725000.0,464286000.0,0.16,-0.06,,,
12/03/2022 09:28:03,1670077683.0,346708000.0,412910000.0,-0.25,-0.12,,,
12/03/2022 09:28:31,1670077711.0,358158000.0,405013000.0,0.03,-0.02,,,
12/03/2022 09:29:00,1670077740.0,372174000.0,446916000.0,0.04,0.09,,,
12/03/2022 09:29:28,1670077768.0,353074000.0,486097000.0,-0.05,0.08,,,
12/03/2022 09:29:57,1670077797.0,291663000.0,413181000.0,-0.21,-0.18,,,
12/03/2022 09:30:15,1670077815.0,361904000.0,428466000.0,0.19,0.04,,,
12/03/2022 09:30:41,1670077841.0,448108000.0,430302000.0,0.19,0.0,,,
12/03/2022 09:31:10,1670077870.0,396883000.0,411009000.0,-0.13,-0.05,,,
12/03/2022 09:31:39,1670077899.0,467210000.0,442607000.0,0.15,0.07,,,
12/03/2022 09:31:48,1670077908.0,466283000.0,432886000.0,-0.0,-0.02,LONG,7.16,16930.2
12/03/2022 09:32:17,1670077937.0,444024000.0,474909000.0,-0.05,0.09,SHORT,6.5,16938.5
12/03/2022 09:32:45,1670077965.0,416407000.0,474309000.0,-0.07,-0.0,SHORT,12.21,16938.5
12/03/2022 09:33:14,1670077994.0,491087000.0,473578000.0,0.15,-0.0,LONG,3.57,16937.3
12/03/2022 09:33:43,1670078023.0,446972000.0,476947000.0,-0.1,0.01,SHORT,6.28,16937.2
12/03/2022 09:34:11,1670078051.0,448794000.0,469289000.0,0.0,-0.02,SHORT,4.37,16940.5
12/03/2022 09:34:40,1670078080.0,486056000.0,493408000.0,0.08,0.05,SHORT,1.49,16940.6
12/03/2022 09:35:09,1670078109.0,482369000.0,478839000.0,-0.01,-0.03,LONG,0.73,16940.9
12/03/2022 09:35:38,1670078138.0,405427000.0,496961000.0,-0.19,0.04,SHORT,18.42,16940.7
12/03/2022 09:36:07,1670078167.0,452409000.0,499837000.0,0.1,0.01,SHORT,9.49,16941.6
12/03/2022 09:36:35,1670078195.0,447445000.0,497256000.0,-0.01,-0.01,SHORT,10.02,16941.2
12/03/2022 09:37:04,1670078224.0,466384000.0,474979000.0,0.04,-0.05,SHORT,1.81,16938.7
12/03/2022 09:37:33,1670078253.0,512277000.0,481652000.0,0.09,0.01,LONG,5.98,16938.7
12/03/2022 09:38:02,1670078282.0,456025000.0,468292000.0,-0.12,-0.03,SHORT,2.62,16938.7
12/03/2022 09:38:30,1670078310.0,460375000.0,485602000.0,0.01,0.04,SHORT,5.19,16938.7
12/03/2022 09:38:59,1670078339.0,463233000.0,464176000.0,0.01,-0.05,SHORT,0.2,16938.7
12/03/2022 09:39:28,1670078368.0,450713000.0,460402000.0,-0.03,-0.01,SHORT,2.1,16938.7
12/03/2022 09:39:57,1670078397.0,397878000.0,472854000.0,-0.13,0.03,SHORT,15.86,16938.7
12/03/2022 09:40:25,1670078425.0,437496000.0,477083000.0,0.09,0.01,SHORT,8.3,16938.7
12/03/2022 09:40:54,1670078454.0,451930000.0,475807000.0,0.03,-0.0,SHORT,5.02,16938.7
12/03/2022 09:41:23,1670078483.0,446073000.0,486117000.0,-0.01,0.02,SHORT,8.24,16938.7
12/03/2022 09:41:55,1670078515.0,432145000.0,469180000.0,-0.03,-0.04,SHORT,7.89,16937.6
12/03/2022 09:42:25,1670078545.0,479483000.0,481201000.0,0.1,0.02,SHORT,0.36,16940.4
12/03/2022 09:42:53,1670078573.0,435856000.0,477997000.0,-0.1,-0.01,SHORT,8.82,16941.5
12/03/2022 09:43:04,1670078584.0,445689000.0,474566000.0,0.02,-0.01,SELL,6.08,16940.3
12/03/2022 09:44:06,1670078646.0,403142000.0,506082000.0,-0.11,0.06,SELL,20.34,16940.6
12/05/2022 09:34:32,1670250872.0,303375000.0,444372000.0,-0.33,-0.14,SELL,31.73,17203.5
12/05/2022 09:35:33,1670250933.0,249078000.0,443760000.0,-0.22,-0.0,SELL,43.87,17214.3
12/05/2022 13:06:04,1670263564.0,405779000.0,433490000.0,0.39,-0.02,SELL,6.39,17049.9
12/05/2022 13:06:21,1670263581.0,442150000.0,421862000.0,0.08,-0.03,BUY,4.59,17046.8
12/05/2022 14:35:55,1670268955.0,128739000.0,464618000.0,-2.43,0.09,SELL,72.29,16912.2
12/05/2022 14:36:14,1670268974.0,259139000.0,489719000.0,0.5,0.05,SELL,47.08,16912.0
12/05/2022 14:36:33,1670268993.0,378677000.0,470315000.0,0.32,-0.04,SELL,19.48,16917.6
12/05/2022 14:36:53,1670269013.0,193683000.0,494527000.0,-0.96,0.05,SELL,60.83,16913.0
12/05/2022 14:37:12,1670269032.0,226685000.0,475948000.0,0.15,-0.04,SELL,52.37,16905.8
12/05/2022 14:37:31,1670269051.0,316059000.0,410403000.0,0.28,-0.16,SELL,22.99,16911.9
12/05/2022 14:37:51,1670269071.0,282915000.0,422342000.0,-0.12,0.03,SELL,33.01,16919.3
12/05/2022 14:38:10,1670269090.0,269642000.0,461142000.0,-0.05,0.08,SELL,41.53,16927.5
12/05/2022 14:38:29,1670269109.0,479331000.0,550595000.0,0.44,0.16,SELL,12.94,16927.5
12/05/2022 14:38:48,1670269128.0,35574000.0,522334000.0,-12.47,-0.05,SELL,93.19,16915.8
12/05/2022 14:39:08,1670269148.0,364542000.0,528205000.0,0.9,0.01,SELL,30.98,16918.5
12/05/2022 14:39:27,1670269167.0,121461000.0,480413000.0,-2.0,-0.1,SELL,74.72,16924.7
12/05/2022 14:39:46,1670269186.0,412674000.0,512896000.0,0.71,0.06,SELL,19.54,16921.7
12/05/2022 14:40:05,1670269205.0,305705000.0,524627000.0,-0.35,0.02,SELL,41.73,16917.1
12/05/2022 14:40:24,1670269224.0,377808000.0,502223000.0,0.19,-0.04,SELL,24.77,16911.5
12/05/2022 14:40:43,1670269243.0,256863000.0,398529000.0,-0.47,-0.26,SELL,35.55,16906.9
12/05/2022 14:41:03,1670269263.0,409535000.0,483793000.0,0.37,0.18,SELL,15.35,16900.0
12/05/2022 14:41:22,1670269282.0,151808000.0,410902000.0,-1.7,-0.18,SELL,63.05,16896.5
12/05/2022 14:41:41,1670269301.0,239458000.0,455806000.0,0.37,0.1,SELL,47.46,16904.2
12/05/2022 14:42:00,1670269320.0,207232000.0,442573000.0,-0.16,-0.03,SELL,53.18,16904.1
12/05/2022 14:42:20,1670269340.0,171206000.0,445504000.0,-0.21,0.01,SELL,61.57,16903.5
12/05/2022 14:42:39,1670269359.0,202039000.0,469544000.0,0.15,0.05,SELL,56.97,16908.8
12/05/2022 14:42:58,1670269378.0,312412000.0,499683000.0,0.35,0.06,SELL,37.48,16910.4
12/05/2022 14:43:17,1670269397.0,264738000.0,467477000.0,-0.18,-0.07,SELL,43.37,16907.2
12/05/2022 14:43:37,1670269417.0,414094000.0,459178000.0,0.36,-0.02,SELL,9.82,16909.0
12/05/2022 14:43:56,1670269436.0,410000000.0,441903000.0,-0.01,-0.04,SELL,7.22,16903.0
12/05/2022 14:44:15,1670269455.0,386012000.0,477261000.0,-0.06,0.07,SELL,19.12,16904.0
12/05/2022 14:44:34,1670269474.0,385440000.0,471546000.0,-0.0,-0.01,SELL,18.26,16913.9
12/05/2022 14:44:54,1670269494.0,383771000.0,470831000.0,-0.0,-0.0,SELL,18.49,16914.0
12/05/2022 14:45:13,1670269513.0,313564000.0,409309000.0,-0.22,-0.15,SELL,23.39,16905.9
12/05/2022 14:45:32,1670269532.0,331711000.0,505717000.0,0.05,0.19,SELL,34.41,16900.0
12/05/2022 14:45:51,1670269551.0,233535000.0,434972000.0,-0.42,-0.16,SELL,46.31,16902.4
12/05/2022 14:46:11,1670269571.0,309202000.0,463851000.0,0.24,0.06,SELL,33.34,16902.4
12/05/2022 14:46:30,1670269590.0,415582000.0,428132000.0,0.26,-0.08,SELL,2.93,16906.4
12/05/2022 14:46:50,1670269610.0,305190000.0,451943000.0,-0.36,0.05,SELL,32.47,16905.9
12/05/2022 14:47:10,1670269630.0,358790000.0,493290000.0,0.15,0.08,SELL,27.27,16905.0
12/05/2022 14:47:29,1670269649.0,279754000.0,463720000.0,-0.28,-0.06,SELL,39.67,16902.8
12/05/2022 14:47:48,1670269668.0,182426000.0,428941000.0,-0.53,-0.08,SELL,57.47,16903.6
12/05/2022 14:48:07,1670269687.0,157878000.0,488246000.0,-0.16,0.12,SELL,67.66,16907.9
12/05/2022 14:48:26,1670269706.0,236641000.0,481671000.0,0.33,-0.01,SELL,50.87,16907.3
12/05/2022 14:48:45,1670269725.0,264995000.0,494972000.0,0.11,0.03,SELL,46.46,16907.3
12/05/2022 14:49:04,1670269744.0,408943000.0,452670000.0,0.35,-0.09,SELL,9.66,16909.5
12/05/2022 14:49:23,1670269763.0,207322000.0,460567000.0,-0.97,0.02,SELL,54.99,16906.6
02/10/2023 09:33:42,1676039622.0,260262000.0,355668000.0,0.2,-0.29,SELL,26.82,21830.7
02/10/2023 09:33:52,1676039632.0,115660000.0,369528000.0,-1.25,0.04,SELL,68.7,21839.8
02/10/2023 09:33:55,1676039635.0,114483000.0,347940000.0,-0.01,-0.06,SELL,67.1,21839.8
02/10/2023 09:34:05,1676039645.0,219290000.0,149407000.0,0.48,-1.33,BUY,31.87,21839.8
02/10/2023 09:34:08,1676039648.0,295680000.0,179621000.0,0.26,0.17,BUY,39.25,21839.8
02/10/2023 09:34:39,1676039679.0,303801000.0,236197000.0,0.03,0.24,BUY,22.25,21844.8
02/10/2023 09:34:42,1676039682.0,342192000.0,214441000.0,0.11,-0.1,BUY,37.33,21844.8
02/10/2023 09:34:49,1676039689.0,201283000.0,190105000.0,-0.7,-0.13,BUY,5.55,21844.8
02/10/2023 09:35:02,1676039702.0,196755000.0,206335000.0,-0.02,0.08,SELL,4.64,21840.4
02/10/2023 09:35:12,1676039712.0,180665000.0,202134000.0,-0.09,-0.02,SELL,10.62,21840.4
02/10/2023 09:35:17,1676039717.0,171106000.0,337737000.0,-0.06,0.4,SELL,49.34,21846.0
02/10/2023 09:35:27,1676039727.0,214485000.0,211073000.0,0.2,-0.6,BUY,1.59,21846.0
02/10/2023 09:35:32,1676039732.0,216700000.0,212552000.0,0.01,0.01,BUY,1.91,21849.5
02/10/2023 09:35:40,1676039740.0,165777000.0,208296000.0,-0.31,-0.02,SELL,20.41,21863.8
02/10/2023 09:35:45,1676039745.0,209840000.0,139815000.0,0.21,-0.49,BUY,33.37,21857.1
02/10/2023 09:35:52,1676039752.0,203889000.0,132598000.0,-0.03,-0.05,BUY,34.97,21858.0
02/10/2023 09:35:58,1676039758.0,122616000.0,149509000.0,-0.66,0.11,SELL,17.99,21861.9
02/10/2023 09:36:06,1676039766.0,85704000.0,121713000.0,-0.43,-0.23,SELL,29.59,21866.8
02/10/2023 09:36:10,1676039770.0,88489000.0,153434000.0,0.03,0.21,SELL,42.33,21864.5
02/10/2023 09:36:21,1676039781.0,67531000.0,251842000.0,-0.31,0.39,SELL,73.19,21876.5
02/10/2023 09:36:25,1676039785.0,61328000.0,155621000.0,-0.1,-0.62,SELL,60.59,21876.5
02/10/2023 09:36:36,1676039796.0,286278000.0,91716000.0,0.79,-0.7,BUY,67.96,21876.5
02/10/2023 09:36:39,1676039799.0,236714000.0,109415000.0,-0.21,0.16,BUY,53.78,21876.5
02/10/2023 09:36:49,1676039809.0,112387000.0,135495000.0,-1.11,0.19,SELL,17.05,21857.9
02/10/2023 09:36:51,1676039811.0,86424000.0,180246000.0,-0.3,0.25,SELL,52.05,21862.2
02/10/2023 09:37:01,1676039821.0,134169000.0,156981000.0,0.36,-0.15,SELL,14.53,21864.1
02/10/2023 09:37:04,1676039824.0,133712000.0,158921000.0,-0.0,0.01,SELL,15.86,21864.1
02/10/2023 09:37:16,1676039836.0,32667000.0,46948000.0,-3.09,-2.39,SELL,30.42,21886.4
02/10/2023 09:37:19,1676039839.0,67515000.0,113262000.0,0.52,0.59,SELL,40.39,21886.4
02/10/2023 09:37:30,1676039850.0,133183000.0,87732000.0,0.49,-0.29,BUY,34.13,21882.0
02/10/2023 09:37:32,1676039852.0,152996000.0,56749000.0,0.13,-0.55,BUY,62.91,21880.1
02/10/2023 09:37:34,1676039854.0,122037000.0,76377000.0,-0.25,0.26,BUY,37.41,21880.2
02/10/2023 09:37:43,1676039863.0,321974000.0,109781000.0,0.62,0.3,BUY,65.9,21883.7
02/10/2023 09:37:45,1676039865.0,320946000.0,114483000.0,-0.0,0.04,BUY,64.33,21883.7
02/10/2023 09:37:47,1676039867.0,143941000.0,135399000.0,-1.23,0.15,BUY,5.93,21873.8
02/10/2023 09:37:56,1676039876.0,94673000.0,265907000.0,-0.52,0.49,SELL,64.4,21880.7
02/10/2023 09:37:58,1676039878.0,64759000.0,214201000.0,-0.46,-0.24,SELL,69.77,21880.7
02/10/2023 09:37:59,1676039879.0,309761000.0,184744000.0,0.79,-0.16,BUY,40.36,21885.4
02/10/2023 09:38:08,1676039888.0,345488000.0,81815000.0,0.1,-1.26,BUY,76.32,21876.4
02/10/2023 09:38:10,1676039890.0,320449000.0,77954000.0,-0.08,-0.05,BUY,75.67,21876.4
02/10/2023 09:38:34,1676039914.0,124503000.0,101421000.0,-1.57,0.23,BUY,18.54,21874.7
02/10/2023 09:38:44,1676039924.0,263126000.0,50646000.0,0.53,-1.0,BUY,80.75,21874.8
02/10/2023 09:38:51,1676039931.0,197472000.0,67115000.0,-0.33,0.25,BUY,66.01,21870.5
02/10/2023 09:39:04,1676039944.0,274310000.0,118805000.0,0.28,0.44,BUY,56.69,21859.9
02/10/2023 09:39:07,1676039947.0,113452000.0,103601000.0,-1.42,-0.15,BUY,8.68,21860.3
02/10/2023 09:39:18,1676039958.0,151667000.0,239012000.0,0.25,0.57,SELL,36.54,21860.3
02/10/2023 09:39:33,1676039973.0,258776000.0,128447000.0,0.41,-0.86,BUY,50.36,21857.1
02/10/2023 09:39:41,1676039981.0,178715000.0,90763000.0,-0.45,-0.42,BUY,49.21,21860.3
02/10/2023 09:39:48,1676039988.0,111614000.0,98841000.0,-0.6,0.08,BUY,11.44,21860.3
02/10/2023 09:40:00,1676040000.0,304991000.0,122439000.0,0.63,0.19,BUY,59.85,21864.8
02/10/2023 09:40:07,1676040007.0,182147000.0,135396000.0,-0.67,0.1,BUY,25.67,21864.8
02/10/2023 09:40:15,1676040015.0,217643000.0,77527000.0,0.16,-0.75,BUY,64.38,21857.1
02/10/2023 09:40:41,1676040041.0,109753000.0,98243000.0,-0.98,0.21,BUY,10.49,21832.9
02/10/2023 09:40:44,1676040044.0,110416000.0,149045000.0,0.01,0.34,SELL,25.92,21832.9
02/10/2023 09:40:48,1676040048.0,94671000.0,102986000.0,-0.17,-0.45,SELL,8.07,21841.4
02/10/2023 09:40:57,1676040057.0,180220000.0,29669000.0,0.47,-2.47,BUY,83.54,21841.4
02/10/2023 09:41:00,1676040060.0,105869000.0,128279000.0,-0.7,0.77,SELL,17.47,21825.6
02/10/2023 09:41:10,1676040070.0,174496000.0,76011000.0,0.39,-0.69,BUY,56.44,21825.6
02/10/2023 09:41:14,1676040074.0,203288000.0,103595000.0,0.14,0.27,BUY,49.04,21825.6
02/10/2023 09:41:48,1676040108.0,225184000.0,157233000.0,0.1,0.34,BUY,30.18,21831.7
02/10/2023 09:41:53,1676040113.0,198499000.0,131929000.0,-0.13,-0.19,BUY,33.54,21831.7
02/10/2023 09:42:01,1676040121.0,198712000.0,178993000.0,0.0,0.26,BUY,9.92,21831.7
02/10/2023 09:42:06,1676040126.0,188197000.0,137097000.0,-0.06,-0.31,BUY,27.15,21831.7
02/10/2023 09:42:35,1676040155.0,241940000.0,51623000.0,0.22,-1.66,BUY,78.66,21816.6
02/10/2023 09:42:50,1676040170.0,283995000.0,209645000.0,0.15,0.75,BUY,26.18,21816.6
02/10/2023 09:43:02,1676040182.0,139163000.0,181566000.0,-1.04,-0.15,SELL,23.35,21816.6
02/10/2023 09:43:09,1676040189.0,297109000.0,131514000.0,0.53,-0.38,BUY,55.74,21816.6
02/10/2023 09:43:17,1676040197.0,189665000.0,187446000.0,-0.57,0.3,BUY,1.17,21816.6
02/10/2023 09:43:42,1676040222.0,258300000.0,164220000.0,0.27,-0.14,BUY,36.42,21818.6
02/10/2023 09:43:55,1676040235.0,254548000.0,252929000.0,-0.01,0.35,BUY,0.64,21815.0
02/10/2023 09:44:02,1676040242.0,299799000.0,318343000.0,0.15,0.21,SELL,5.83,21815.0
02/10/2023 09:44:08,1676040248.0,226486000.0,369787000.0,-0.32,0.14,SELL,38.75,21808.5
02/10/2023 09:44:17,1676040257.0,288671000.0,55504000.0,0.22,-5.66,BUY,80.77,21808.5
02/10/2023 09:44:22,1676040262.0,212647000.0,120464000.0,-0.36,0.54,BUY,43.35,21808.5
02/10/2023 09:44:35,1676040275.0,241567000.0,159310000.0,0.12,0.24,BUY,34.05,21816.5
02/10/2023 09:44:48,1676040288.0,204734000.0,217195000.0,-0.18,0.27,SELL,5.74,21813.8
02/10/2023 09:45:00,1676040300.0,203330000.0,213829000.0,-0.01,-0.02,SELL,4.91,21813.8
02/10/2023 09:45:15,1676040315.0,176082000.0,375516000.0,-0.15,0.43,SELL,53.11,21813.8
02/10/2023 09:45:28,1676040328.0,139309000.0,338589000.0,-0.26,-0.11,SELL,58.86,21850.4
02/10/2023 09:45:30,1676040330.0,184001000.0,372731000.0,0.24,0.09,SELL,50.63,21850.4
02/10/2023 09:45:41,1676040341.0,58092000.0,180166000.0,-2.17,-1.07,SELL,67.76,21858.9
02/10/2023 09:45:42,1676040342.0,108796000.0,207354000.0,0.47,0.13,SELL,47.53,21858.9
02/10/2023 09:45:54,1676040354.0,232119000.0,210499000.0,0.53,0.01,BUY,9.31,21855.2
02/10/2023 09:46:06,1676040366.0,130275000.0,274240000.0,-0.78,0.23,SELL,52.5,21860.7
02/10/2023 09:46:20,1676040380.0,128148000.0,293647000.0,-0.02,0.07,SELL,56.36,21867.5
02/10/2023 09:46:33,1676040393.0,153880000.0,216069000.0,0.17,-0.36,SELL,28.78,21862.0
02/10/2023 09:46:44,1676040404.0,270937000.0,266786000.0,0.43,0.19,BUY,1.53,21848.8
02/10/2023 09:46:46,1676040406.0,251774000.0,172879000.0,-0.08,-0.54,BUY,31.34,21848.8
02/10/2023 09:46:57,1676040417.0,234640000.0,185014000.0,-0.07,0.07,BUY,21.15,21851.3
02/10/2023 09:46:58,1676040418.0,189898000.0,183039000.0,-0.24,-0.01,BUY,3.61,21851.3
02/10/2023 09:47:09,1676040429.0,255187000.0,105224000.0,0.26,-0.74,BUY,58.77,21851.3
02/10/2023 09:47:11,1676040431.0,142826000.0,170464000.0,-0.79,0.38,SELL,16.21,21851.3
02/10/2023 09:47:25,1676040445.0,167968000.0,353427000.0,0.15,0.52,SELL,52.47,21838.3
02/10/2023 09:47:40,1676040460.0,109363000.0,219647000.0,-0.54,-0.61,SELL,50.21,21838.3
02/10/2023 09:47:43,1676040463.0,169758000.0,228288000.0,0.36,0.04,SELL,25.64,21838.3
02/10/2023 09:47:56,1676040476.0,265803000.0,239873000.0,0.36,0.05,BUY,9.76,21844.6
02/10/2023 09:48:08,1676040488.0,234075000.0,265311000.0,-0.14,0.1,SELL,11.77,21863.8
02/10/2023 09:48:42,1676040522.0,159161000.0,200931000.0,-0.47,-0.32,SELL,20.79,21848.8
02/10/2023 09:48:53,1676040533.0,191531000.0,285154000.0,0.17,0.3,SELL,32.83,21861.4
02/10/2023 09:49:05,1676040545.0,167089000.0,240532000.0,-0.15,-0.19,SELL,30.53,21861.1
02/10/2023 09:49:16,1676040556.0,269663000.0,187960000.0,0.38,-0.28,BUY,30.3,21854.5
02/10/2023 09:49:50,1676040590.0,248416000.0,278063000.0,-0.09,0.32,SELL,10.66,21869.6
02/10/2023 09:50:04,1676040604.0,252375000.0,95801000.0,0.02,-1.9,BUY,62.04,21869.1
02/10/2023 09:50:23,1676040623.0,266740000.0,155486000.0,0.05,0.38,BUY,41.71,21852.2
02/10/2023 09:50:38,1676040638.0,86327000.0,270859000.0,-2.09,0.43,SELL,68.13,21852.2
02/10/2023 09:50:47,1676040647.0,145846000.0,434064000.0,0.41,0.38,SELL,66.4,21856.9
02/10/2023 09:50:56,1676040656.0,114122000.0,256546000.0,-0.28,-0.69,SELL,55.52,21864.6
02/10/2023 09:51:09,1676040669.0,142425000.0,218626000.0,0.2,-0.17,SELL,34.85,21873.0
02/10/2023 09:51:12,1676040672.0,258806000.0,315373000.0,0.45,0.31,SELL,17.94,21871.1
02/10/2023 09:51:31,1676040691.0,179217000.0,366718000.0,-0.44,0.14,SELL,51.13,21871.1
02/10/2023 09:51:43,1676040703.0,335085000.0,110306000.0,0.47,-2.32,BUY,67.08,21867.8
02/10/2023 09:51:46,1676040706.0,271166000.0,139130000.0,-0.24,0.21,BUY,48.69,21863.6
02/10/2023 09:52:15,1676040735.0,151418000.0,131607000.0,-0.79,-0.06,BUY,13.08,21852.7
02/10/2023 09:52:16,1676040736.0,242806000.0,273625000.0,0.38,0.52,SELL,11.26,21839.9
02/10/2023 09:52:19,1676040739.0,188673000.0,126856000.0,-0.29,-1.16,BUY,32.76,21842.9
02/10/2023 09:52:49,1676040769.0,192966000.0,267049000.0,0.02,0.52,SELL,27.74,21838.1
02/10/2023 09:52:52,1676040772.0,163364000.0,170968000.0,-0.18,-0.56,SELL,4.45,21838.1
02/10/2023 09:52:58,1676040778.0,215419000.0,188955000.0,0.24,0.1,BUY,12.28,21841.1
02/10/2023 09:53:05,1676040785.0,200941000.0,76696000.0,-0.07,-1.46,BUY,61.83,21841.1
02/10/2023 09:53:11,1676040791.0,297555000.0,231138000.0,0.32,0.67,BUY,22.32,21841.1
02/10/2023 09:53:23,1676040803.0,141297000.0,337255000.0,-1.11,0.31,SELL,58.1,21841.1
02/10/2023 09:53:39,1676040819.0,270241000.0,344405000.0,0.48,0.02,SELL,21.53,21841.1
02/10/2023 09:53:54,1676040834.0,263983000.0,253678000.0,-0.02,-0.36,BUY,3.9,21836.1
02/10/2023 09:53:57,1676040837.0,316658000.0,234624000.0,0.17,-0.08,BUY,25.91,21836.1
02/10/2023 09:54:09,1676040849.0,263248000.0,178045000.0,-0.2,-0.32,BUY,32.37,21837.0
02/10/2023 09:54:12,1676040852.0,337578000.0,201544000.0,0.22,0.12,BUY,40.3,21833.6
02/10/2023 09:54:38,1676040878.0,96585000.0,168172000.0,-2.5,-0.2,SELL,42.57,21828.7
02/10/2023 09:54:43,1676040883.0,198286000.0,173188000.0,0.51,0.03,BUY,12.66,21826.2
02/10/2023 09:54:45,1676040885.0,210706000.0,259091000.0,0.06,0.33,SELL,18.67,21826.2
02/10/2023 09:55:17,1676040917.0,200121000.0,200782000.0,-0.05,-0.29,SELL,0.33,21825.6
02/10/2023 09:55:19,1676040919.0,245604000.0,274874000.0,0.19,0.27,SELL,10.65,21825.6
02/10/2023 09:55:22,1676040922.0,246151000.0,223918000.0,0.0,-0.23,BUY,9.03,21825.6
02/10/2023 09:55:50,1676040950.0,243408000.0,256575000.0,-0.01,0.13,SELL,5.13,21835.3
02/10/2023 09:55:52,1676040952.0,238775000.0,258407000.0,-0.02,0.01,SELL,7.6,21835.3
02/10/2023 09:56:05,1676040965.0,66212000.0,284697000.0,-2.61,0.09,SELL,76.74,21835.3
02/10/2023 09:56:24,1676040984.0,207856000.0,237208000.0,0.68,-0.2,SELL,12.37,21841.1
02/10/2023 09:56:26,1676040986.0,217644000.0,224229000.0,0.04,-0.06,SELL,2.94,21841.1
02/10/2023 09:56:49,1676041009.0,168341000.0,227801000.0,-0.29,0.02,SELL,26.1,21844.9
02/10/2023 09:56:58,1676041018.0,224728000.0,226037000.0,0.25,-0.01,SELL,0.58,21844.9
02/10/2023 09:56:58,1676041018.0,224728000.0,226037000.0,0.0,0.0,SELL,0.58,21844.9
02/10/2023 09:57:32,1676041052.0,332006000.0,140944000.0,0.32,-0.6,BUY,57.55,21837.0
02/10/2023 09:58:06,1676041086.0,70927000.0,175251000.0,-3.68,0.2,SELL,59.53,21845.9
02/10/2023 09:58:16,1676041096.0,243225000.0,211863000.0,0.71,0.17,BUY,12.89,21857.7
02/10/2023 09:58:40,1676041120.0,160775000.0,233522000.0,-0.51,0.09,SELL,31.15,21855.1
02/10/2023 09:59:00,1676041140.0,500161000.0,356859000.0,0.68,0.35,BUY,28.65,21842.4
02/10/2023 09:59:13,1676041153.0,450016000.0,198845000.0,-0.11,-0.79,BUY,55.81,21837.1
02/10/2023 09:59:44,1676041184.0,456110000.0,225128000.0,0.01,0.12,BUY,50.64,21832.3
02/10/2023 09:59:47,1676041187.0,482438000.0,144789000.0,0.05,-0.55,BUY,69.99,21832.3
02/10/2023 10:00:00,1676041200.0,381956000.0,223075000.0,-0.26,0.35,BUY,41.6,21832.3
02/10/2023 10:00:28,1676041228.0,289093000.0,145184000.0,-0.32,-0.54,BUY,49.78,21780.2
02/10/2023 10:00:34,1676041234.0,482746000.0,211993000.0,0.4,0.32,BUY,56.09,21780.2
02/10/2023 10:01:07,1676041267.0,66290000.0,343295000.0,-6.28,0.38,SELL,80.69,21800.5
02/10/2023 10:01:12,1676041272.0,123990000.0,211953000.0,0.47,-0.62,SELL,41.5,21800.5
02/10/2023 10:01:41,1676041301.0,103645000.0,141075000.0,-0.2,-0.5,SELL,26.53,21799.5
02/10/2023 10:01:55,1676041315.0,81740000.0,450319000.0,-0.27,0.69,SELL,81.85,21824.8
02/10/2023 10:02:07,1676041327.0,257835000.0,285173000.0,0.68,-0.58,SELL,9.59,21841.2
02/10/2023 10:02:14,1676041334.0,80098000.0,140904000.0,-2.22,-1.02,SELL,43.15,21836.2
02/10/2023 10:02:47,1676041367.0,233562000.0,212532000.0,0.66,0.34,BUY,9.0,21823.9
02/10/2023 10:02:51,1676041371.0,281807000.0,191978000.0,0.17,-0.11,BUY,31.88,21823.9
02/10/2023 10:03:04,1676041384.0,137389000.0,48445000.0,-1.05,-2.96,BUY,64.74,21815.8
02/10/2023 10:03:21,1676041401.0,56450000.0,261954000.0,-1.43,0.82,SELL,78.45,21809.6
02/10/2023 10:03:48,1676041428.0,135957000.0,136458000.0,0.58,-0.92,SELL,0.37,21795.5
02/10/2023 10:03:54,1676041434.0,242072000.0,195188000.0,0.44,0.3,BUY,19.37,21793.7
02/10/2023 10:04:05,1676041445.0,265697000.0,235006000.0,0.09,0.17,BUY,11.55,21793.7
02/10/2023 10:04:06,1676041446.0,94410000.0,243937000.0,-1.81,0.04,SELL,61.3,21793.7
02/10/2023 10:04:31,1676041471.0,299662000.0,250388000.0,0.68,0.03,BUY,16.44,21803.5
02/10/2023 10:04:39,1676041479.0,152750000.0,234589000.0,-0.96,-0.07,SELL,34.89,21799.0
02/10/2023 10:04:40,1676041480.0,152750000.0,236036000.0,0.0,0.01,SELL,35.29,21799.0
02/10/2023 10:05:13,1676041513.0,181106000.0,281474000.0,0.16,0.16,SELL,35.66,21812.4
02/10/2023 10:05:14,1676041514.0,188476000.0,283170000.0,0.04,0.01,SELL,33.44,21812.4
02/10/2023 10:05:46,1676041546.0,226030000.0,221055000.0,0.17,-0.28,BUY,2.2,21824.6
02/10/2023 10:05:57,1676041557.0,190374000.0,216576000.0,-0.19,-0.02,SELL,12.1,21824.6
02/10/2023 10:06:09,1676041569.0,256378000.0,183220000.0,0.26,-0.18,BUY,28.54,21824.6
02/10/2023 10:06:20,1676041580.0,236951000.0,210713000.0,-0.08,0.13,BUY,11.07,21824.6
02/10/2023 10:06:53,1676041613.0,302227000.0,230835000.0,0.22,0.09,BUY,23.62,21815.1
02/10/2023 10:07:04,1676041624.0,332856000.0,95077000.0,0.09,-1.43,BUY,71.44,21808.9
02/10/2023 10:07:27,1676041647.0,39388000.0,266776000.0,-7.45,0.64,SELL,85.24,21811.1
02/10/2023 10:07:38,1676041658.0,172363000.0,227789000.0,0.77,-0.17,SELL,24.33,21811.1
02/10/2023 10:07:47,1676041667.0,218935000.0,237578000.0,0.21,0.04,SELL,7.85,21813.1
02/10/2023 10:08:01,1676041681.0,232894000.0,376236000.0,0.06,0.37,SELL,38.1,21817.2
02/10/2023 10:08:11,1676041691.0,189113000.0,294305000.0,-0.23,-0.28,SELL,35.74,21839.0
02/10/2023 10:08:31,1676041711.0,441515000.0,156612000.0,0.57,-0.88,BUY,64.53,21831.6
02/10/2023 10:08:35,1676041715.0,236914000.0,214422000.0,-0.86,0.27,BUY,9.49,21831.6
02/10/2023 10:08:45,1676041725.0,315866000.0,204430000.0,0.25,-0.05,BUY,35.28,21832.9
02/10/2023 10:09:09,1676041749.0,272393000.0,168802000.0,-0.16,-0.21,BUY,38.03,21828.6
02/10/2023 10:09:14,1676041754.0,170141000.0,420485000.0,-0.6,0.6,SELL,59.54,21837.6
02/10/2023 10:09:19,1676041759.0,294990000.0,260906000.0,0.42,-0.61,BUY,11.55,21837.6
02/10/2023 10:09:43,1676041783.0,247153000.0,217108000.0,-0.19,-0.2,BUY,12.16,21833.1
02/10/2023 10:09:52,1676041792.0,138056000.0,322423000.0,-0.79,0.33,SELL,57.18,21844.5
02/10/2023 10:09:58,1676041798.0,177117000.0,215917000.0,0.22,-0.49,SELL,17.97,21844.5
02/11/2023 12:51:40,1676137900.0,209054000.0,265438000.0,0.15,0.19,SELL,21.24,21674.2
02/11/2023 12:51:52,1676137912.0,192749000.0,258277000.0,-0.08,-0.03,SELL,25.37,21674.2
02/11/2023 12:52:05,1676137925.0,243330000.0,209145000.0,0.21,-0.23,BUY,14.05,21674.2
02/11/2023 12:52:38,1676137958.0,202587000.0,271708000.0,-0.2,0.23,SELL,25.44,21674.2
02/11/2023 12:52:49,1676137969.0,203611000.0,267941000.0,0.01,-0.01,SELL,24.01,21674.2
02/11/2023 12:52:52,1676137972.0,239533000.0,349323000.0,0.15,0.23,SELL,31.43,21674.2
02/11/2023 12:53:02,1676137982.0,202754000.0,316230000.0,-0.18,-0.1,SELL,35.88,21674.2
02/11/2023 12:53:04,1676137984.0,201101000.0,316230000.0,-0.01,0.0,SELL,36.41,21674.2
02/11/2023 12:53:17,1676137997.0,243539000.0,198811000.0,0.17,-0.59,BUY,18.37,21669.5
02/11/2023 12:53:19,1676137999.0,310171000.0,510248000.0,0.21,0.61,SELL,39.21,21669.5
02/11/2023 12:53:32,1676138012.0,275923000.0,164056000.0,-0.12,-2.11,BUY,40.54,21678.5
02/11/2023 12:53:45,1676138025.0,203012000.0,274114000.0,-0.36,0.4,SELL,25.94,21680.5
02/11/2023 12:53:58,1676138038.0,168984000.0,180303000.0,-0.2,-0.52,SELL,6.28,21680.5
02/11/2023 12:54:01,1676138041.0,140069000.0,249966000.0,-0.21,0.28,SELL,43.96,21680.8
02/11/2023 12:54:11,1676138051.0,221967000.0,246300000.0,0.37,-0.01,SELL,9.88,21680.9
02/11/2023 12:54:16,1676138056.0,218752000.0,206842000.0,-0.01,-0.19,BUY,5.44,21680.9
02/11/2023 12:54:26,1676138066.0,210112000.0,308725000.0,-0.04,0.33,SELL,31.94,21681.0
02/11/2023 12:54:39,1676138079.0,201774000.0,284547000.0,-0.04,-0.08,SELL,29.09,21681.0
02/11/2023 12:54:51,1676138091.0,201756000.0,314271000.0,-0.0,0.09,SELL,35.8,21681.0
02/11/2023 12:54:59,1676138099.0,208558000.0,280308000.0,0.03,-0.12,SELL,25.6,21681.0
02/11/2023 12:55:04,1676138104.0,208558000.0,306533000.0,0.0,0.09,SELL,31.96,21681.0
02/11/2023 12:55:14,1676138114.0,208558000.0,272774000.0,0.0,-0.12,SELL,23.54,21681.0
02/11/2023 12:55:19,1676138119.0,211439000.0,291914000.0,0.01,0.07,SELL,27.57,21681.0
02/11/2023 12:55:29,1676138129.0,171165000.0,268947000.0,-0.24,-0.09,SELL,36.36,21683.3
02/11/2023 12:55:32,1676138132.0,171165000.0,217746000.0,0.0,-0.24,SELL,21.39,21683.3
02/11/2023 12:55:41,1676138141.0,228591000.0,217267000.0,0.25,-0.0,BUY,4.95,21683.3
02/11/2023 12:55:44,1676138144.0,234848000.0,269878000.0,0.03,0.19,SELL,12.98,21683.3
02/11/2023 12:55:54,1676138154.0,235961000.0,151131000.0,0.0,-0.79,BUY,35.95,21683.3
02/11/2023 12:55:57,1676138157.0,165777000.0,194447000.0,-0.42,0.22,SELL,14.74,21685.4
02/11/2023 12:56:07,1676138167.0,177569000.0,220827000.0,0.07,0.12,SELL,19.59,21685.4
02/11/2023 12:56:10,1676138170.0,177569000.0,215144000.0,0.0,-0.03,SELL,17.47,21685.4
02/11/2023 12:56:21,1676138181.0,250577000.0,369683000.0,0.29,0.42,SELL,32.22,21685.4
02/11/2023 12:56:24,1676138184.0,250577000.0,285221000.0,0.0,-0.3,SELL,12.15,21685.4
02/11/2023 12:56:35,1676138195.0,180427000.0,267185000.0,-0.39,-0.07,SELL,32.47,21685.4
02/11/2023 12:56:37,1676138197.0,180427000.0,267185000.0,0.0,0.0,SELL,32.47,21685.4
02/11/2023 12:56:48,1676138208.0,180427000.0,262735000.0,0.0,-0.02,SELL,31.33,21685.4
02/11/2023 12:56:50,1676138210.0,180427000.0,287058000.0,0.0,0.08,SELL,37.15,21685.4
02/11/2023 12:57:00,1676138220.0,159571000.0,398717000.0,-0.13,0.28,SELL,59.98,21685.4
02/11/2023 12:57:02,1676138222.0,150621000.0,300877000.0,-0.06,-0.33,SELL,49.94,21685.4
02/11/2023 12:57:15,1676138235.0,196936000.0,278932000.0,0.24,-0.08,SELL,29.4,21685.4
02/11/2023 12:57:16,1676138236.0,196936000.0,281423000.0,0.0,0.01,SELL,30.02,21685.4
02/11/2023 12:57:29,1676138249.0,236684000.0,305352000.0,0.17,0.08,SELL,22.49,21685.4
02/11/2023 12:57:29,1676138249.0,197161000.0,278273000.0,-0.2,-0.1,SELL,29.15,21685.4
02/11/2023 12:57:41,1676138261.0,197161000.0,261982000.0,0.0,-0.06,SELL,24.74,21685.4
02/11/2023 12:57:52,1676138272.0,198801000.0,261982000.0,0.01,0.0,SELL,24.12,21685.4
02/11/2023 12:57:53,1676138273.0,198801000.0,261982000.0,0.0,0.0,SELL,24.12,21685.4
02/11/2023 12:58:05,1676138285.0,229503000.0,294233000.0,0.13,0.11,SELL,22.0,21685.4
02/11/2023 12:58:19,1676138299.0,190827000.0,383344000.0,-0.2,0.23,SELL,50.22,21688.7
02/11/2023 12:58:33,1676138313.0,207800000.0,390166000.0,0.08,0.02,SELL,46.74,21688.8
02/11/2023 12:58:45,1676138325.0,208038000.0,359292000.0,0.0,-0.09,SELL,42.1,21688.8
02/11/2023 12:58:58,1676138338.0,204959000.0,360299000.0,-0.02,0.0,SELL,43.11,21689.4
02/11/2023 12:59:10,1676138350.0,195377000.0,441576000.0,-0.05,0.18,SELL,55.75,21689.4
02/11/2023 12:59:26,1676138366.0,211862000.0,394430000.0,0.08,-0.12,SELL,46.29,21689.4
02/11/2023 12:59:40,1676138380.0,211862000.0,361820000.0,0.0,-0.09,SELL,41.45,21689.4
02/11/2023 12:59:40,1676138380.0,211862000.0,363070000.0,0.0,0.0,SELL,41.65,21689.4
02/11/2023 12:59:53,1676138393.0,209520000.0,399044000.0,-0.01,0.09,SELL,47.49,21689.4
02/11/2023 13:00:05,1676138405.0,215897000.0,370126000.0,0.03,-0.08,SELL,41.67,21689.3
02/11/2023 13:00:19,1676138419.0,214952000.0,320861000.0,-0.0,-0.15,SELL,33.01,21689.3
02/11/2023 13:00:30,1676138430.0,231593000.0,358456000.0,0.07,0.1,SELL,35.39,21689.3
02/11/2023 13:00:33,1676138433.0,232940000.0,374840000.0,0.01,0.04,SELL,37.86,21689.3
02/11/2023 13:00:43,1676138443.0,232940000.0,248001000.0,0.0,-0.51,SELL,6.07,21689.3
02/11/2023 13:00:45,1676138445.0,232940000.0,246101000.0,0.0,-0.01,SELL,5.35,21689.3
02/11/2023 13:00:56,1676138456.0,243963000.0,322437000.0,0.05,0.24,SELL,24.34,21691.0
02/11/2023 13:00:58,1676138458.0,190868000.0,325677000.0,-0.28,0.01,SELL,41.39,21691.0
02/11/2023 13:01:08,1676138468.0,224791000.0,330942000.0,0.15,0.02,SELL,32.08,21692.8
02/11/2023 13:01:10,1676138470.0,224791000.0,329692000.0,0.0,-0.0,SELL,31.82,21692.8
02/11/2023 13:01:19,1676138479.0,223541000.0,303249000.0,-0.01,-0.09,SELL,26.28,21692.8
02/11/2023 13:01:23,1676138483.0,258076000.0,266261000.0,0.13,-0.14,SELL,3.07,21692.9
02/11/2023 13:01:34,1676138494.0,243823000.0,337261000.0,-0.06,0.21,SELL,27.7,21692.9
02/11/2023 13:01:37,1676138497.0,244768000.0,315859000.0,0.0,-0.07,SELL,22.51,21693.1
02/11/2023 13:01:47,1676138507.0,260210000.0,305335000.0,0.06,-0.03,SELL,14.78,21693.1
02/11/2023 13:01:50,1676138510.0,260210000.0,307938000.0,0.0,0.01,SELL,15.5,21693.0
02/11/2023 13:02:00,1676138520.0,222319000.0,229573000.0,-0.17,-0.34,SELL,3.16,21693.0
02/11/2023 13:02:02,1676138522.0,221374000.0,229103000.0,-0.0,-0.0,SELL,3.37,21693.0
02/11/2023 13:02:15,1676138535.0,254399000.0,267359000.0,0.13,0.14,SELL,4.85,21693.0
02/11/2023 13:02:17,1676138537.0,254399000.0,229099000.0,0.0,-0.17,BUY,9.95,21693.0
02/11/2023 13:02:29,1676138549.0,254399000.0,267374000.0,0.0,0.14,SELL,4.85,21693.0
02/11/2023 13:02:30,1676138550.0,254399000.0,229576000.0,0.0,-0.16,BUY,9.76,21693.0
02/11/2023 13:02:42,1676138562.0,192617000.0,214329000.0,-0.32,-0.07,SELL,10.13,21693.0
02/11/2023 13:02:54,1676138574.0,170713000.0,284200000.0,-0.13,0.25,SELL,39.93,21693.0
02/11/2023 13:03:06,1676138586.0,242289000.0,271177000.0,0.3,-0.05,SELL,10.65,21693.0
02/11/2023 13:03:21,1676138601.0,236703000.0,227097000.0,-0.02,-0.19,BUY,4.06,21693.0
02/11/2023 13:03:35,1676138615.0,254586000.0,270585000.0,0.07,0.16,SELL,5.91,21693.0
02/11/2023 13:03:47,1676138627.0,256226000.0,294074000.0,0.01,0.08,SELL,12.87,21693.0
02/11/2023 13:03:59,1676138639.0,255039000.0,259284000.0,-0.0,-0.13,SELL,1.64,21693.0
02/11/2023 13:04:05,1676138645.0,253890000.0,214527000.0,-0.0,-0.21,BUY,15.5,21693.0
02/11/2023 13:04:14,1676138654.0,229568000.0,273009000.0,-0.11,0.21,SELL,15.91,21693.0
02/11/2023 13:04:29,1676138669.0,229604000.0,240809000.0,0.0,-0.13,SELL,4.65,21693.1
02/11/2023 13:04:41,1676138681.0,253296000.0,189197000.0,0.09,-0.27,BUY,25.31,21693.1
02/11/2023 13:04:49,1676138689.0,253991000.0,190476000.0,0.0,0.01,BUY,25.01,21693.1
02/11/2023 13:04:54,1676138694.0,194695000.0,194736000.0,-0.3,0.02,SELL,0.02,21693.1
02/11/2023 13:05:01,1676138701.0,227469000.0,251715000.0,0.14,0.23,SELL,9.63,21693.1
02/11/2023 13:05:07,1676138707.0,224661000.0,228534000.0,-0.01,-0.1,SELL,1.69,21693.1
02/11/2023 13:05:16,1676138716.0,226301000.0,246326000.0,0.01,0.07,SELL,8.13,21693.1
02/11/2023 13:05:22,1676138722.0,224661000.0,228534000.0,-0.01,-0.08,SELL,1.69,21693.1
02/11/2023 13:05:31,1676138731.0,226301000.0,247989000.0,0.01,0.08,SELL,8.75,21693.1
02/11/2023 13:05:35,1676138735.0,226318000.0,246279000.0,0.0,-0.01,SELL,8.11,21693.1
02/11/2023 13:05:44,1676138744.0,224678000.0,186889000.0,-0.01,-0.32,BUY,16.82,21693.1
02/11/2023 13:05:48,1676138748.0,197181000.0,229082000.0,-0.14,0.18,SELL,13.93,21693.1
02/11/2023 13:05:57,1676138757.0,194439000.0,187672000.0,-0.01,-0.22,BUY,3.48,21693.1
02/11/2023 13:06:00,1676138760.0,183070000.0,196767000.0,-0.06,0.05,SELL,6.96,21693.1
02/11/2023 13:06:09,1676138769.0,183070000.0,191528000.0,0.0,-0.03,SELL,4.42,21693.1
02/11/2023 13:06:11,1676138771.0,183070000.0,257868000.0,0.0,0.26,SELL,29.01,21693.1
02/11/2023 13:06:14,1676138774.0,232252000.0,306321000.0,0.21,0.16,SELL,24.18,21693.1
02/11/2023 13:06:24,1676138784.0,225066000.0,252225000.0,-0.03,-0.21,SELL,10.77,21693.1
02/11/2023 13:06:26,1676138786.0,225066000.0,228742000.0,0.0,-0.1,SELL,1.61,21693.1
02/11/2023 13:06:28,1676138788.0,248743000.0,228742000.0,0.1,0.0,BUY,8.04,21693.1
02/11/2023 13:06:38,1676138798.0,254107000.0,221575000.0,0.02,-0.03,BUY,12.8,21693.0
02/11/2023 13:06:40,1676138800.0,254107000.0,220135000.0,0.0,-0.01,BUY,13.37,21693.0
02/11/2023 13:06:51,1676138811.0,247367000.0,273716000.0,-0.03,0.2,SELL,9.63,21693.2
02/11/2023 13:06:53,1676138813.0,223539000.0,270155000.0,-0.11,-0.01,SELL,17.26,21693.2
02/11/2023 13:07:04,1676138824.0,187831000.0,202547000.0,-0.19,-0.33,SELL,7.27,21693.1
02/11/2023 13:07:06,1676138826.0,187831000.0,114269000.0,0.0,-0.77,BUY,39.16,21693.1
02/11/2023 13:07:18,1676138838.0,231437000.0,108613000.0,0.19,-0.05,BUY,53.07,21693.1
02/11/2023 13:07:39,1676138859.0,249267000.0,193033000.0,0.07,0.44,BUY,22.56,21693.1
02/11/2023 13:07:51,1676138871.0,279760000.0,191219000.0,0.11,-0.01,BUY,31.65,21695.8
02/11/2023 13:08:01,1676138881.0,249251000.0,234931000.0,-0.12,0.19,BUY,5.75,21695.8
02/11/2023 13:08:04,1676138884.0,254780000.0,253838000.0,0.02,0.07,BUY,0.37,21695.8
02/11/2023 13:08:37,1676138917.0,343430000.0,345179000.0,0.26,0.26,SELL,0.51,21696.5
02/11/2023 13:08:45,1676138925.0,173345000.0,282144000.0,-0.98,-0.22,SELL,38.56,21696.5
02/11/2023 13:08:51,1676138931.0,204412000.0,282144000.0,0.15,0.0,SELL,27.55,21696.5
02/11/2023 13:08:58,1676138938.0,201831000.0,219070000.0,-0.01,-0.29,SELL,7.87,21696.5
02/11/2023 13:09:03,1676138943.0,306865000.0,249914000.0,0.34,0.12,BUY,18.56,21696.5
02/11/2023 13:09:10,1676138950.0,92639000.0,291122000.0,-2.31,0.14,SELL,68.18,21701.8
02/11/2023 13:09:36,1676138976.0,200538000.0,314464000.0,0.54,0.07,SELL,36.23,21713.0
02/11/2023 13:09:47,1676138987.0,172322000.0,205275000.0,-0.16,-0.53,SELL,16.05,21713.0
02/11/2023 13:09:54,1676138994.0,222755000.0,195664000.0,0.23,-0.05,BUY,12.16,21710.9
02/11/2023 13:10:06,1676139006.0,208185000.0,330496000.0,-0.07,0.41,SELL,37.01,21710.9
02/11/2023 13:10:10,1676139010.0,205415000.0,288005000.0,-0.01,-0.15,SELL,28.68,21711.0
02/11/2023 13:10:20,1676139020.0,191297000.0,285524000.0,-0.07,-0.01,SELL,33.0,21711.3
02/11/2023 13:10:44,1676139044.0,197141000.0,292995000.0,0.03,0.03,SELL,32.72,21711.5
02/11/2023 13:10:51,1676139051.0,235572000.0,274984000.0,0.16,-0.07,SELL,14.33,21711.5
02/11/2023 13:10:54,1676139054.0,235743000.0,273084000.0,0.0,-0.01,SELL,13.67,21711.5
02/11/2023 13:11:06,1676139066.0,373039000.0,399334000.0,0.37,0.32,SELL,6.58,21711.5
02/11/2023 13:11:18,1676139078.0,325028000.0,260085000.0,-0.15,-0.54,BUY,19.98,21718.6
02/11/2023 13:11:34,1676139094.0,360455000.0,300328000.0,0.1,0.13,BUY,16.68,21717.0
02/11/2023 13:11:40,1676139100.0,356708000.0,345444000.0,-0.01,0.13,BUY,3.16,21717.0
02/11/2023 13:11:51,1676139111.0,316914000.0,307453000.0,-0.13,-0.12,BUY,2.99,21717.0
02/11/2023 13:12:12,1676139132.0,221343000.0,477442000.0,-0.43,0.36,SELL,53.64,21717.2
02/11/2023 13:12:17,1676139137.0,273282000.0,344179000.0,0.19,-0.39,SELL,20.6,21717.2
02/11/2023 13:12:25,1676139145.0,266178000.0,303181000.0,-0.03,-0.14,SELL,12.2,21717.2
02/11/2023 13:12:46,1676139166.0,279112000.0,304327000.0,0.05,0.0,SELL,8.29,21717.2
02/11/2023 13:12:58,1676139178.0,278371000.0,302459000.0,-0.0,-0.01,SELL,7.96,21717.2
02/11/2023 13:13:01,1676139181.0,278371000.0,305600000.0,0.0,0.01,SELL,8.91,21717.2
02/11/2023 13:13:20,1676139200.0,230523000.0,309637000.0,-0.21,0.01,SELL,25.55,21717.2
02/11/2023 13:13:32,1676139212.0,271139000.0,307654000.0,0.15,-0.01,SELL,11.87,21717.2
02/11/2023 13:13:45,1676139225.0,230464000.0,305744000.0,-0.18,-0.01,SELL,24.62,21717.2
02/11/2023 13:13:54,1676139234.0,272759000.0,275582000.0,0.16,-0.11,SELL,1.02,21717.2
02/11/2023 13:13:58,1676139238.0,273914000.0,238303000.0,0.0,-0.16,BUY,13.0,21717.2
02/11/2023 13:14:05,1676139245.0,273914000.0,275582000.0,0.0,0.14,SELL,0.61,21717.2
02/11/2023 13:14:06,1676139246.0,272216000.0,305735000.0,-0.01,0.1,SELL,10.96,21717.2
02/11/2023 13:14:10,1676139250.0,269909000.0,477346000.0,-0.01,0.36,SELL,43.46,21717.2
02/11/2023 13:14:39,1676139279.0,231698000.0,362997000.0,-0.16,-0.32,SELL,36.17,21717.2
02/11/2023 13:14:54,1676139294.0,208188000.0,408660000.0,-0.11,0.11,SELL,49.06,21717.1
02/11/2023 13:15:06,1676139306.0,256966000.0,369057000.0,0.19,-0.11,SELL,30.37,21717.1
02/11/2023 13:15:12,1676139312.0,315337000.0,240071000.0,0.19,-0.54,BUY,23.87,21717.2
02/11/2023 13:15:46,1676139346.0,258385000.0,195324000.0,-0.22,-0.23,BUY,24.41,21719.0
02/11/2023 13:15:50,1676139350.0,207419000.0,204452000.0,-0.25,0.04,BUY,1.43,21718.9
02/11/2023 13:16:01,1676139361.0,277598000.0,186339000.0,0.25,-0.1,BUY,32.87,21718.9
02/11/2023 13:16:18,1676139378.0,215719000.0,202540000.0,-0.29,0.08,BUY,6.11,21713.0
02/11/2023 13:16:45,1676139405.0,232214000.0,237336000.0,0.07,0.15,SELL,2.16,21711.5
02/11/2023 13:16:52,1676139412.0,270808000.0,152928000.0,0.14,-0.55,BUY,43.53,21711.5
02/11/2023 13:17:05,1676139425.0,303110000.0,166169000.0,0.11,0.08,BUY,45.18,21711.5
02/11/2023 13:17:28,1676139448.0,217920000.0,189672000.0,-0.39,0.12,BUY,12.96,21704.2
02/11/2023 13:17:39,1676139459.0,263773000.0,75591000.0,0.17,-1.51,BUY,71.34,21701.3
02/11/2023 13:18:12,1676139492.0,230215000.0,225235000.0,-0.15,0.66,BUY,2.16,21700.3
02/11/2023 13:18:23,1676139503.0,212536000.0,200580000.0,-0.08,-0.12,BUY,5.63,21700.3
02/11/2023 13:18:46,1676139526.0,299376000.0,166747000.0,0.29,-0.2,BUY,44.3,21700.3
02/11/2023 13:18:57,1676139537.0,237078000.0,198843000.0,-0.26,0.16,BUY,16.13,21700.9
02/11/2023 13:19:05,1676139545.0,257610000.0,204868000.0,0.08,0.03,BUY,20.47,21700.9
02/11/2023 13:19:20,1676139560.0,244247000.0,301497000.0,-0.05,0.32,SELL,18.99,21700.9
02/11/2023 13:19:31,1676139571.0,275499000.0,230612000.0,0.11,-0.31,BUY,16.29,21700.9
02/11/2023 13:19:49,1676139589.0,234163000.0,196170000.0,-0.18,-0.18,BUY,16.23,21700.9
02/11/2023 13:19:54,1676139594.0,279218000.0,197986000.0,0.16,0.01,BUY,29.09,21700.9
02/11/2023 13:20:04,1676139604.0,274145000.0,168260000.0,-0.02,-0.18,BUY,38.62,21700.9
02/11/2023 13:20:06,1676139606.0,274145000.0,196936000.0,0.0,0.15,BUY,28.16,21700.9
02/11/2023 13:20:32,1676139632.0,230083000.0,212454000.0,-0.19,0.07,BUY,7.66,21701.4
02/11/2023 13:20:37,1676139637.0,230872000.0,221991000.0,0.0,0.04,BUY,3.85,21701.4
02/11/2023 13:20:39,1676139639.0,230872000.0,221991000.0,0.0,0.0,BUY,3.85,21701.4
02/11/2023 13:21:11,1676139671.0,267548000.0,235294000.0,0.14,0.06,BUY,12.06,21701.4
02/11/2023 13:21:15,1676139675.0,148907000.0,332524000.0,-0.8,0.29,SELL,55.22,21701.4
02/11/2023 13:21:45,1676139705.0,114897000.0,213147000.0,-0.3,-0.56,SELL,46.09,21697.5
02/11/2023 13:21:58,1676139718.0,188105000.0,126550000.0,0.39,-0.68,BUY,32.72,21697.5
02/11/2023 13:22:10,1676139730.0,192065000.0,209758000.0,0.02,0.4,SELL,8.43,21693.2
02/11/2023 13:22:18,1676139738.0,178198000.0,216366000.0,-0.08,0.03,SELL,17.64,21691.7
02/11/2023 13:22:51,1676139771.0,132498000.0,221098000.0,-0.34,0.02,SELL,40.07,21695.9
02/11/2023 13:22:53,1676139773.0,106683000.0,138368000.0,-0.24,-0.6,SELL,22.9,21695.9
02/11/2023 13:23:06,1676139786.0,190309000.0,198472000.0,0.44,0.3,SELL,4.11,21695.8
02/11/2023 13:23:24,1676139804.0,224783000.0,223672000.0,0.15,0.11,BUY,0.49,21694.4
02/11/2023 13:23:50,1676139830.0,209013000.0,172709000.0,-0.08,-0.3,BUY,17.37,21694.4
02/11/2023 13:23:58,1676139838.0,183453000.0,198341000.0,-0.14,0.13,SELL,7.51,21694.4
02/11/2023 13:24:08,1676139848.0,190400000.0,165275000.0,0.04,-0.2,BUY,13.2,21694.4
02/11/2023 13:24:31,1676139871.0,234637000.0,194968000.0,0.19,0.15,BUY,16.91,21694.4
02/11/2023 13:24:33,1676139873.0,234637000.0,193295000.0,0.0,-0.01,BUY,17.62,21694.4
02/11/2023 13:24:41,1676139881.0,258890000.0,129728000.0,0.09,-0.49,BUY,49.89,21694.4
02/11/2023 13:25:04,1676139904.0,278886000.0,183008000.0,0.07,0.29,BUY,34.38,21694.4
02/11/2023 13:25:15,1676139915.0,278886000.0,182557000.0,0.0,-0.0,BUY,34.54,21694.4
02/11/2023 13:25:15,1676139915.0,278886000.0,184448000.0,0.0,0.01,BUY,33.86,21694.4
02/11/2023 13:25:38,1676139938.0,334918000.0,195186000.0,0.17,0.06,BUY,41.72,21695.8
02/11/2023 13:25:48,1676139948.0,268464000.0,214731000.0,-0.25,0.09,BUY,20.01,21695.8
02/11/2023 13:25:59,1676139959.0,220463000.0,202284000.0,-0.22,-0.06,BUY,8.25,21695.8
02/11/2023 13:26:00,1676139960.0,239366000.0,203481000.0,0.08,0.01,BUY,14.99,21695.8
02/11/2023 13:26:11,1676139971.0,245797000.0,211630000.0,0.03,0.04,BUY,13.9,21695.8
02/11/2023 13:26:34,1676139994.0,392094000.0,187777000.0,0.37,-0.13,BUY,52.11,21688.8
02/11/2023 13:26:42,1676140002.0,199986000.0,82756000.0,-0.96,-1.27,BUY,58.62,21688.8
02/11/2023 13:26:44,1676140004.0,186956000.0,218839000.0,-0.07,0.62,SELL,14.57,21680.0
02/11/2023 13:26:57,1676140017.0,226232000.0,215088000.0,0.17,-0.02,BUY,4.93,21669.5
02/11/2023 13:27:07,1676140027.0,284089000.0,214733000.0,0.2,-0.0,BUY,24.41,21669.5
02/11/2023 13:27:09,1676140029.0,288236000.0,217829000.0,0.01,0.01,BUY,24.43,21669.5
02/11/2023 13:27:25,1676140045.0,283106000.0,219906000.0,-0.02,0.01,BUY,22.32,21669.5
02/11/2023 13:27:40,1676140060.0,281343000.0,215869000.0,-0.01,-0.02,BUY,23.27,21669.5
02/11/2023 13:27:43,1676140063.0,281343000.0,216576000.0,0.0,0.0,BUY,23.02,21669.5
02/11/2023 13:28:10,1676140090.0,238388000.0,211387000.0,-0.18,-0.02,BUY,11.33,21672.2
02/11/2023 13:28:14,1676140094.0,303998000.0,274377000.0,0.22,0.23,BUY,9.74,21672.2
02/11/2023 13:28:16,1676140096.0,303998000.0,196734000.0,0.0,-0.39,BUY,35.28,21672.2
02/11/2023 13:28:47,1676140127.0,244732000.0,226385000.0,-0.24,0.13,BUY,7.5,21674.5
02/11/2023 13:28:50,1676140130.0,210870000.0,226385000.0,-0.16,0.0,SELL,6.85,21674.5
02/11/2023 13:28:53,1676140133.0,193873000.0,197156000.0,-0.09,-0.15,SELL,1.67,21674.5
02/11/2023 13:29:05,1676140145.0,165745000.0,201403000.0,-0.17,0.02,SELL,17.7,21672.9
02/11/2023 13:29:21,1676140161.0,201049000.0,296211000.0,0.18,0.32,SELL,32.13,21672.9
02/11/2023 13:29:23,1676140163.0,372241000.0,342308000.0,0.46,0.13,BUY,8.04,21672.9
02/11/2023 13:29:48,1676140188.0,260237000.0,215873000.0,-0.43,-0.59,BUY,17.05,21674.3
02/11/2023 13:29:54,1676140194.0,340847000.0,184171000.0,0.24,-0.17,BUY,45.97,21674.3
02/11/2023 13:29:57,1676140197.0,362744000.0,219933000.0,0.06,0.16,BUY,39.37,21674.3
02/11/2023 13:30:09,1676140209.0,222064000.0,225125000.0,-0.63,0.02,SELL,1.36,21670.2
02/11/2023 13:30:27,1676140227.0,272338000.0,175486000.0,0.18,-0.28,BUY,35.56,21670.2
02/11/2023 13:30:31,1676140231.0,319249000.0,125531000.0,0.15,-0.4,BUY,60.68,21667.5
02/11/2023 13:30:42,1676140242.0,70554000.0,245129000.0,-3.52,0.49,SELL,71.22,21634.9
02/11/2023 13:31:00,1676140260.0,53989000.0,123597000.0,-0.31,-0.98,SELL,56.32,21647.2
02/11/2023 13:31:15,1676140275.0,85855000.0,247894000.0,0.37,0.5,SELL,65.37,21656.9
02/11/2023 13:31:34,1676140294.0,142319000.0,36200000.0,0.4,-5.85,BUY,74.56,21654.4
02/11/2023 13:31:49,1676140309.0,97051000.0,269695000.0,-0.47,0.87,SELL,64.01,21654.4
02/11/2023 13:31:59,1676140319.0,125201000.0,205526000.0,0.22,-0.31,SELL,39.08,21670.6
02/11/2023 13:32:07,1676140327.0,215804000.0,257893000.0,0.42,0.2,SELL,16.32,21670.6
02/11/2023 13:32:22,1676140342.0,134580000.0,217724000.0,-0.6,-0.18,SELL,38.19,21670.6
02/11/2023 13:32:40,1676140360.0,331708000.0,266150000.0,0.59,0.18,BUY,19.76,21661.7
02/11/2023 13:32:42,1676140362.0,364710000.0,243447000.0,0.09,-0.09,BUY,33.25,21661.7
02/11/2023 13:32:55,1676140375.0,394395000.0,279739000.0,0.08,0.13,BUY,29.07,21650.4
02/11/2023 13:33:07,1676140387.0,144395000.0,228169000.0,-1.73,-0.23,SELL,36.72,21650.3
02/11/2023 13:33:14,1676140394.0,167432000.0,201467000.0,0.14,-0.13,SELL,16.89,21654.7
02/11/2023 13:33:25,1676140405.0,245078000.0,235986000.0,0.32,0.15,BUY,3.71,21654.7
02/11/2023 13:33:41,1676140421.0,249510000.0,188895000.0,0.02,-0.25,BUY,24.29,21654.7
02/11/2023 13:33:47,1676140427.0,332521000.0,210760000.0,0.25,0.1,BUY,36.62,21654.7
02/11/2023 13:34:08,1676140448.0,382639000.0,299338000.0,0.13,0.3,BUY,21.77,21648.3
02/11/2023 13:34:14,1676140454.0,288671000.0,215593000.0,-0.33,-0.39,BUY,25.32,21650.7
02/11/2023 13:34:20,1676140460.0,291855000.0,212697000.0,0.01,-0.01,BUY,27.12,21649.1
02/11/2023 13:34:47,1676140487.0,221508000.0,259946000.0,-0.32,0.18,SELL,14.79,21655.0
02/11/2023 13:34:52,1676140492.0,219987000.0,258066000.0,-0.01,-0.01,SELL,14.76,21655.0
02/11/2023 13:34:52,1676140492.0,219987000.0,258066000.0,0.0,0.0,SELL,14.76,21655.0
02/11/2023 13:35:05,1676140505.0,335555000.0,221456000.0,0.34,-0.17,BUY,34.0,21655.0
02/11/2023 13:35:21,1676140521.0,435702000.0,229581000.0,0.23,0.04,BUY,47.31,21655.0
02/11/2023 13:35:38,1676140538.0,384880000.0,203060000.0,-0.13,-0.13,BUY,47.24,21648.0
02/11/2023 13:35:49,1676140549.0,295414000.0,323178000.0,-0.3,0.37,SELL,8.59,21648.0
02/11/2023 13:35:54,1676140554.0,373321000.0,189234000.0,0.21,-0.71,BUY,49.31,21648.0
02/11/2023 13:36:07,1676140567.0,246572000.0,238533000.0,-0.51,0.21,BUY,3.26,21648.0
02/11/2023 13:36:12,1676140572.0,314421000.0,139882000.0,0.22,-0.71,BUY,55.51,21648.0
02/11/2023 13:36:33,1676140593.0,352541000.0,211159000.0,0.11,0.34,BUY,40.1,21650.7
02/11/2023 13:36:40,1676140600.0,232963000.0,221826000.0,-0.51,0.05,BUY,4.78,21650.7
02/11/2023 13:36:45,1676140605.0,243538000.0,204350000.0,0.04,-0.09,BUY,16.09,21650.7
02/11/2023 13:36:58,1676140618.0,315696000.0,117571000.0,0.23,-0.74,BUY,62.76,21650.7
02/11/2023 13:37:10,1676140630.0,334505000.0,217288000.0,0.06,0.46,BUY,35.04,21655.8
02/11/2023 13:37:13,1676140633.0,310307000.0,210416000.0,-0.08,-0.03,BUY,32.19,21655.8
02/11/2023 13:37:16,1676140636.0,311547000.0,210425000.0,0.0,0.0,BUY,32.46,21655.8
02/11/2023 13:37:43,1676140663.0,348490000.0,222457000.0,0.11,0.05,BUY,36.17,21655.9
02/11/2023 13:37:46,1676140666.0,375089000.0,222457000.0,0.07,0.0,BUY,40.69,21655.9
02/11/2023 13:38:00,1676140680.0,313482000.0,270252000.0,-0.2,0.18,BUY,13.79,21655.9
02/11/2023 13:38:17,1676140697.0,316938000.0,264937000.0,0.01,-0.02,BUY,16.41,21655.8
02/11/2023 13:38:19,1676140699.0,316938000.0,253636000.0,0.0,-0.04,BUY,19.97,21655.8
02/11/2023 13:38:43,1676140723.0,498443000.0,186065000.0,0.36,-0.36,BUY,62.67,21655.8
02/11/2023 13:38:51,1676140731.0,234520000.0,242096000.0,-1.13,0.23,SELL,3.13,21655.8
02/11/2023 13:38:51,1676140731.0,234520000.0,242096000.0,0.0,0.0,SELL,3.13,21655.8
02/11/2023 13:39:04,1676140744.0,285593000.0,199126000.0,0.18,-0.22,BUY,30.28,21655.8
02/11/2023 13:39:24,1676140764.0,250085000.0,170961000.0,-0.14,-0.16,BUY,31.64,21664.0
02/11/2023 13:39:26,1676140766.0,249488000.0,162754000.0,-0.0,-0.05,BUY,34.76,21664.0
02/11/2023 13:39:38,1676140778.0,313046000.0,219418000.0,0.2,0.26,BUY,29.91,21663.0
02/11/2023 13:39:57,1676140797.0,243923000.0,169074000.0,-0.28,-0.3,BUY,30.69,21659.6
02/11/2023 13:40:09,1676140809.0,294010000.0,175925000.0,0.17,0.04,BUY,40.16,21659.6
02/11/2023 13:40:12,1676140812.0,248854000.0,174040000.0,-0.18,-0.01,BUY,30.06,21659.6
02/11/2023 13:40:31,1676140831.0,305701000.0,247807000.0,0.19,0.3,BUY,18.94,21659.6
02/11/2023 13:40:45,1676140845.0,306959000.0,202575000.0,0.0,-0.22,BUY,34.01,21659.6
02/11/2023 13:40:53,1676140853.0,261232000.0,204358000.0,-0.18,0.01,BUY,21.77,21659.6
02/11/2023 13:41:04,1676140864.0,308302000.0,274373000.0,0.15,0.26,BUY,11.01,21659.6
02/11/2023 13:41:18,1676140878.0,267595000.0,221511000.0,-0.15,-0.24,BUY,17.22,21659.6
02/11/2023 13:41:37,1676140897.0,347326000.0,129428000.0,0.23,-0.71,BUY,62.74,21659.6
02/11/2023 13:41:52,1676140912.0,202902000.0,135139000.0,-0.71,0.04,BUY,33.4,21648.5
02/11/2023 13:42:11,1676140931.0,249377000.0,136440000.0,0.19,0.01,BUY,45.29,21648.6
02/11/2023 13:42:20,1676140940.0,188353000.0,228577000.0,-0.32,0.4,SELL,17.6,21646.7
02/11/2023 13:42:25,1676140945.0,220913000.0,246339000.0,0.15,0.07,SELL,10.32,21639.8
02/13/2023 17:09:40,1676326180.0,203291000.0,451530000.0,-0.09,0.45,SELL,54.98,21618.5
02/13/2023 17:09:49,1676326189.0,209104000.0,451530000.0,0.03,0.0,SELL,53.69,21618.5
02/13/2023 17:09:52,1676326192.0,309483000.0,451530000.0,0.32,0.0,SELL,31.46,21618.5
02/13/2023 17:10:02,1676326202.0,258783000.0,405202000.0,-0.2,-0.11,SELL,36.13,21618.5
02/13/2023 17:10:05,1676326205.0,254624000.0,338560000.0,-0.02,-0.2,SELL,24.79,21618.5
02/13/2023 17:10:17,1676326217.0,252664000.0,306704000.0,-0.01,-0.1,SELL,17.62,21618.5
02/13/2023 17:10:19,1676326219.0,381714000.0,440085000.0,0.34,0.3,SELL,13.26,21618.5
02/13/2023 17:10:32,1676326232.0,390678000.0,446603000.0,0.02,0.01,SELL,12.52,21618.6
02/13/2023 17:10:45,1676326245.0,389437000.0,307820000.0,-0.0,-0.45,BUY,20.96,21618.6
02/13/2023 17:10:57,1676326257.0,392546000.0,414451000.0,0.01,0.26,SELL,5.29,21618.6
02/13/2023 17:11:11,1676326271.0,392869000.0,414451000.0,0.0,0.0,SELL,5.21,21618.6
02/13/2023 17:11:25,1676326285.0,391073000.0,414452000.0,-0.0,0.0,SELL,5.64,21618.6
02/13/2023 17:11:38,1676326298.0,395196000.0,441026000.0,0.01,0.06,SELL,10.39,21618.6
02/13/2023 17:11:40,1676326300.0,395196000.0,490485000.0,0.0,0.1,SELL,19.43,21618.6
02/13/2023 17:11:51,1676326311.0,395196000.0,458634000.0,0.0,-0.07,SELL,13.83,21618.6
02/13/2023 17:11:52,1676326312.0,355007000.0,493529000.0,-0.11,0.07,SELL,28.07,21618.6
02/13/2023 17:12:04,1676326324.0,394034000.0,506606000.0,0.1,0.03,SELL,22.22,21618.6
02/13/2023 17:12:05,1676326325.0,394034000.0,506606000.0,0.0,0.0,SELL,22.22,21618.6
02/13/2023 17:12:18,1676326338.0,353185000.0,526808000.0,-0.12,0.04,SELL,32.96,21618.6
02/13/2023 17:12:29,1676326349.0,351210000.0,373483000.0,-0.01,-0.41,SELL,5.96,21618.6
02/13/2023 17:12:33,1676326353.0,393895000.0,379969000.0,0.11,0.02,BUY,3.54,21618.6
02/13/2023 17:12:43,1676326363.0,351511000.0,381217000.0,-0.12,0.0,SELL,7.79,21618.6
02/13/2023 17:12:46,1676326366.0,351649000.0,379899000.0,0.0,-0.0,SELL,7.44,21618.6
02/13/2023 17:12:56,1676326376.0,389723000.0,425708000.0,0.1,0.11,SELL,8.45,21618.6
02/13/2023 17:12:59,1676326379.0,389723000.0,425708000.0,0.0,0.0,SELL,8.45,21618.6
02/13/2023 17:13:08,1676326388.0,314197000.0,499396000.0,-0.24,0.15,SELL,37.08,21618.6
02/13/2023 17:13:14,1676326394.0,315221000.0,453404000.0,0.0,-0.1,SELL,30.48,21618.6
02/13/2023 17:13:23,1676326403.0,353354000.0,445536000.0,0.11,-0.02,SELL,20.69,21618.6
02/13/2023 17:13:29,1676326409.0,315211000.0,400221000.0,-0.12,-0.11,SELL,21.24,21618.6
02/13/2023 17:13:35,1676326415.0,314227000.0,446881000.0,-0.0,0.1,SELL,29.68,21618.6
02/13/2023 17:13:42,1676326422.0,316205000.0,446881000.0,0.01,0.0,SELL,29.24,21618.6
02/13/2023 17:13:49,1676326429.0,261198000.0,498139000.0,-0.21,0.1,SELL,47.57,21618.6
02/13/2023 17:13:54,1676326434.0,347292000.0,498139000.0,0.25,0.0,SELL,30.28,21618.6
02/13/2023 17:14:02,1676326442.0,483182000.0,377782000.0,0.28,-0.32,BUY,21.81,21618.6
02/13/2023 17:14:07,1676326447.0,333350000.0,207154000.0,-0.45,-0.82,BUY,37.86,21609.9
02/13/2023 17:14:36,1676326476.0,374107000.0,280418000.0,0.11,0.26,BUY,25.04,21608.6
02/13/2023 17:14:40,1676326480.0,374107000.0,243757000.0,0.0,-0.15,BUY,34.84,21608.6
02/13/2023 17:14:45,1676326485.0,338583000.0,206054000.0,-0.1,-0.18,BUY,39.14,21608.6
02/13/2023 17:14:58,1676326498.0,495969000.0,201938000.0,0.32,-0.02,BUY,59.28,21608.6
02/13/2023 17:15:09,1676326509.0,502634000.0,171388000.0,0.01,-0.18,BUY,65.9,21608.6
02/13/2023 17:15:14,1676326514.0,501503000.0,227755000.0,-0.0,0.25,BUY,54.59,21608.6
02/13/2023 17:15:43,1676326543.0,389203000.0,238405000.0,-0.29,0.04,BUY,38.75,21608.6
02/13/2023 17:15:47,1676326547.0,289828000.0,322959000.0,-0.34,0.26,SELL,10.26,21608.6
02/13/2023 17:15:54,1676326554.0,297443000.0,371827000.0,0.03,0.13,SELL,20.01,21602.3
02/13/2023 17:16:03,1676326563.0,339950000.0,375147000.0,0.13,0.01,SELL,9.38,21602.3
02/13/2023 17:16:06,1676326566.0,355302000.0,387153000.0,0.04,0.03,SELL,8.23,21602.3
02/13/2023 17:16:17,1676326577.0,359417000.0,379658000.0,0.01,-0.02,SELL,5.33,21602.3
02/13/2023 17:16:19,1676326579.0,359417000.0,379298000.0,0.0,-0.0,SELL,5.24,21602.3
02/13/2023 17:16:35,1676326595.0,302223000.0,211869000.0,-0.19,-0.79,BUY,29.9,21598.9
02/13/2023 17:17:08,1676326628.0,321055000.0,202354000.0,0.06,-0.05,BUY,36.97,21605.5
02/13/2023 17:17:42,1676326662.0,387648000.0,358363000.0,0.17,0.44,BUY,7.55,21605.5
02/13/2023 17:18:16,1676326696.0,409524000.0,257177000.0,0.05,-0.39,BUY,37.2,21602.1
02/13/2023 17:18:49,1676326729.0,358820000.0,257255000.0,-0.14,0.0,BUY,28.31,21602.1
02/13/2023 17:19:22,1676326762.0,357107000.0,132663000.0,-0.0,-0.94,BUY,62.85,21602.1
02/13/2023 17:19:56,1676326796.0,305909000.0,248188000.0,-0.17,0.47,BUY,18.87,21596.8
02/13/2023 17:20:30,1676326830.0,313381000.0,143628000.0,0.02,-0.73,BUY,54.17,21596.8
02/13/2023 17:21:04,1676326864.0,262410000.0,58718000.0,-0.19,-1.45,BUY,77.62,21596.8
02/13/2023 17:21:37,1676326897.0,335773000.0,129137000.0,0.22,0.55,BUY,61.54,21597.6
02/13/2023 17:21:51,1676326911.0,325695000.0,77284000.0,-0.03,-0.67,BUY,76.27,21597.6
02/13/2023 17:22:10,1676326930.0,360265000.0,166918000.0,0.1,0.54,BUY,53.67,21597.6
02/13/2023 17:22:25,1676326945.0,363007000.0,167566000.0,0.01,0.0,BUY,53.84,21597.6
02/13/2023 17:22:35,1676326955.0,344120000.0,168911000.0,-0.05,0.01,BUY,50.92,21597.6
02/13/2023 17:22:44,1676326964.0,362379000.0,195655000.0,0.05,0.14,BUY,46.01,21597.6
02/13/2023 17:22:58,1676326978.0,363937000.0,193903000.0,0.0,-0.01,BUY,46.72,21597.4
02/13/2023 17:23:18,1676326998.0,245120000.0,261247000.0,-0.48,0.26,SELL,6.17,21593.3
02/13/2023 17:23:32,1676327012.0,301952000.0,256180000.0,0.19,-0.02,BUY,15.16,21593.3
02/13/2023 17:23:33,1676327013.0,301327000.0,254930000.0,-0.0,-0.0,BUY,15.4,21593.3
02/13/2023 17:24:06,1676327046.0,263613000.0,255419000.0,-0.14,0.0,BUY,3.11,21594.7
02/13/2023 17:24:17,1676327057.0,263613000.0,255365000.0,0.0,-0.0,BUY,3.13,21594.7
02/13/2023 17:24:40,1676327080.0,305380000.0,318796000.0,0.14,0.2,SELL,4.21,21594.7
02/13/2023 17:25:00,1676327100.0,306225000.0,135389000.0,0.0,-1.35,BUY,55.79,21594.7
02/13/2023 17:25:45,1676327145.0,290541000.0,264050000.0,-0.05,0.49,BUY,9.12,21594.7
02/13/2023 17:26:28,1676327188.0,362329000.0,193827000.0,0.2,-0.36,BUY,46.51,21596.2
02/13/2023 17:27:12,1676327232.0,299637000.0,342649000.0,-0.21,0.43,SELL,12.55,21602.0
02/13/2023 17:27:28,1676327248.0,233831000.0,372447000.0,-0.28,0.08,SELL,37.22,21602.0
02/13/2023 17:27:44,1676327264.0,172258000.0,390619000.0,-0.36,0.05,SELL,55.9,21597.3
02/13/2023 17:28:00,1676327280.0,240825000.0,265570000.0,0.28,-0.47,SELL,9.32,21597.3
02/13/2023 17:28:16,1676327296.0,317866000.0,228879000.0,0.24,-0.16,BUY,28.0,21597.3
02/13/2023 17:28:53,1676327333.0,281030000.0,400596000.0,-0.13,0.43,SELL,29.85,21595.0
02/13/2023 17:29:00,1676327340.0,330202000.0,190936000.0,0.15,-1.1,BUY,42.18,21595.0
02/13/2023 17:29:45,1676327385.0,305967000.0,250377000.0,-0.08,0.24,BUY,18.17,21599.9
02/13/2023 17:30:15,1676327415.0,338539000.0,306988000.0,0.1,0.18,BUY,9.32,21599.9
02/13/2023 17:30:28,1676327428.0,306058000.0,306988000.0,-0.11,0.0,SELL,0.3,21599.9
02/13/2023 17:30:44,1676327444.0,298196000.0,381024000.0,-0.03,0.19,SELL,21.74,21599.9
02/13/2023 17:30:48,1676327448.0,300876000.0,345851000.0,0.01,-0.1,SELL,13.0,21599.9
02/13/2023 17:31:02,1676327462.0,340410000.0,285960000.0,0.12,-0.21,BUY,16.0,21599.9
02/13/2023 17:31:46,1676327506.0,260391000.0,135479000.0,-0.31,-1.11,BUY,47.97,21604.9
02/13/2023 17:32:30,1676327550.0,275569000.0,125244000.0,0.06,-0.08,BUY,54.55,21604.9
02/13/2023 17:33:14,1676327594.0,252428000.0,89855000.0,-0.09,-0.39,BUY,64.4,21604.9
02/13/2023 17:33:58,1676327638.0,356600000.0,200303000.0,0.29,0.55,BUY,43.83,21604.9
02/13/2023 17:34:28,1676327668.0,422276000.0,271397000.0,0.16,0.26,BUY,35.73,21606.0
02/13/2023 17:34:41,1676327681.0,441965000.0,122743000.0,0.04,-1.21,BUY,72.23,21606.0
02/13/2023 17:35:01,1676327701.0,211025000.0,141504000.0,-1.09,0.13,BUY,32.94,21608.9
02/13/2023 17:35:24,1676327724.0,250188000.0,134386000.0,0.16,-0.05,BUY,46.29,21619.8
02/13/2023 17:35:35,1676327735.0,223191000.0,192664000.0,-0.12,0.3,BUY,13.68,21620.0
02/13/2023 17:36:08,1676327768.0,269455000.0,451489000.0,0.17,0.57,SELL,40.32,21629.9
02/13/2023 17:36:20,1676327780.0,278488000.0,186337000.0,0.03,-1.42,BUY,33.09,21629.9
02/13/2023 17:36:22,1676327782.0,301449000.0,222866000.0,0.08,0.16,BUY,26.07,21629.9
02/13/2023 17:36:24,1676327784.0,297870000.0,286654000.0,-0.01,0.22,BUY,3.77,21629.9
02/13/2023 17:36:56,1676327816.0,261409000.0,440156000.0,-0.14,0.35,SELL,40.61,21635.1
02/13/2023 17:36:57,1676327817.0,373955000.0,408452000.0,0.3,-0.08,SELL,8.45,21635.1
02/13/2023 17:37:04,1676327824.0,306732000.0,296814000.0,-0.22,-0.38,BUY,3.23,21635.1
02/13/2023 17:37:10,1676327830.0,438693000.0,363227000.0,0.3,0.18,BUY,17.2,21635.1
02/13/2023 17:37:43,1676327863.0,333514000.0,402262000.0,-0.32,0.1,SELL,17.09,21623.9
02/13/2023 17:37:49,1676327869.0,333514000.0,360216000.0,0.0,-0.12,SELL,7.41,21623.9
02/13/2023 17:38:02,1676327882.0,409617000.0,347032000.0,0.19,-0.04,BUY,15.28,21623.9
02/13/2023 17:38:45,1676327925.0,387542000.0,221205000.0,-0.06,-0.57,BUY,42.92,21638.4
02/13/2023 17:39:29,1676327969.0,394541000.0,241459000.0,0.02,0.08,BUY,38.8,21633.3
02/13/2023 17:40:13,1676328013.0,382840000.0,261117000.0,-0.03,0.08,BUY,31.79,21633.2
02/13/2023 17:40:58,1676328058.0,319618000.0,250566000.0,-0.2,-0.04,BUY,21.6,21633.3
02/13/2023 17:41:42,1676328102.0,382508000.0,454579000.0,0.16,0.45,SELL,15.85,21631.8
02/13/2023 17:41:57,1676328117.0,336147000.0,389827000.0,-0.14,-0.17,SELL,13.77,21629.8
02/13/2023 17:42:13,1676328133.0,337072000.0,390087000.0,0.0,0.0,SELL,13.59,21629.8
02/13/2023 17:42:28,1676328148.0,372635000.0,396246000.0,0.1,0.02,SELL,5.96,21629.8
02/13/2023 17:42:45,1676328165.0,375827000.0,277647000.0,0.01,-0.43,BUY,26.12,21629.8
02/13/2023 17:43:18,1676328198.0,354380000.0,272659000.0,-0.06,-0.02,BUY,23.06,21638.9
02/13/2023 17:43:29,1676328209.0,317959000.0,320597000.0,-0.11,0.15,SELL,0.82,21638.9
02/13/2023 17:43:45,1676328225.0,424446000.0,195897000.0,0.25,-0.64,BUY,53.85,21638.9
02/13/2023 17:43:52,1676328232.0,381105000.0,195453000.0,-0.11,-0.0,BUY,48.71,21638.9
02/13/2023 17:44:05,1676328245.0,285469000.0,271505000.0,-0.34,0.28,BUY,4.89,21640.0
02/13/2023 17:44:29,1676328269.0,317442000.0,192379000.0,0.1,-0.41,BUY,39.4,21640.0
02/13/2023 17:44:39,1676328279.0,313361000.0,197488000.0,-0.01,0.03,BUY,36.98,21639.9
02/13/2023 17:45:12,1676328312.0,201483000.0,188250000.0,-0.56,-0.05,BUY,6.57,21639.9
02/13/2023 17:45:13,1676328313.0,201985000.0,188250000.0,0.0,0.0,BUY,6.8,21639.9
02/13/2023 17:45:45,1676328345.0,200908000.0,189860000.0,-0.01,0.01,BUY,5.5,21640.0
02/13/2023 17:45:45,1676328345.0,200908000.0,189860000.0,0.0,0.0,BUY,5.5,21640.0
02/13/2023 17:45:57,1676328357.0,200908000.0,189860000.0,0.0,0.0,BUY,5.5,21640.0
02/13/2023 17:46:09,1676328369.0,202632000.0,187633000.0,0.01,-0.01,BUY,7.4,21640.0
02/13/2023 17:46:18,1676328378.0,199311000.0,187648000.0,-0.02,0.0,BUY,5.85,21640.0
02/13/2023 17:46:52,1676328412.0,304237000.0,206289000.0,0.34,0.09,BUY,32.19,21640.0
02/13/2023 17:46:52,1676328412.0,304090000.0,206289000.0,-0.0,0.0,BUY,32.16,21640.0
02/13/2023 17:47:05,1676328425.0,270670000.0,202569000.0,-0.12,-0.02,BUY,25.16,21638.9
02/13/2023 17:47:25,1676328445.0,311044000.0,203484000.0,0.13,0.0,BUY,34.58,21638.9
02/13/2023 17:47:49,1676328469.0,311230000.0,202676000.0,0.0,-0.0,BUY,34.88,21638.9
02/13/2023 17:47:58,1676328478.0,198726000.0,202416000.0,-0.57,-0.0,SELL,1.82,21638.9
02/13/2023 17:48:10,1676328490.0,208340000.0,192502000.0,0.05,-0.05,BUY,7.6,21639.9
02/13/2023 17:48:34,1676328514.0,111729000.0,113158000.0,-0.86,-0.7,SELL,1.26,21654.0
02/13/2023 17:48:43,1676328523.0,188832000.0,269891000.0,0.41,0.58,SELL,30.03,21663.3
02/13/2023 17:48:50,1676328530.0,218413000.0,270075000.0,0.14,0.0,SELL,19.13,21658.8
02/13/2023 17:49:04,1676328544.0,106571000.0,249546000.0,-1.05,-0.08,SELL,57.29,21665.8
02/13/2023 17:49:20,1676328560.0,199893000.0,279370000.0,0.47,0.11,SELL,28.45,21665.8
02/13/2023 17:49:37,1676328577.0,198026000.0,232446000.0,-0.01,-0.2,SELL,14.81,21680.4
02/13/2023 17:49:53,1676328593.0,226468000.0,103095000.0,0.13,-1.25,BUY,54.48,21676.3
02/13/2023 17:50:37,1676328637.0,297116000.0,94814000.0,0.24,-0.09,BUY,68.09,21664.9
02/13/2023 17:51:21,1676328681.0,159794000.0,188791000.0,-0.86,0.5,SELL,15.36,21664.9
02/13/2023 17:51:37,1676328697.0,201087000.0,166849000.0,0.21,-0.13,BUY,17.03,21664.9
02/13/2023 17:52:20,1676328740.0,126576000.0,206638000.0,-0.59,0.19,SELL,38.75,21662.1
02/13/2023 17:52:36,1676328756.0,169316000.0,193480000.0,0.25,-0.07,SELL,12.49,21662.1
02/13/2023 17:52:52,1676328772.0,183451000.0,143900000.0,0.08,-0.34,BUY,21.56,21662.1
02/13/2023 17:53:35,1676328815.0,56948000.0,154635000.0,-2.22,0.07,SELL,63.17,21662.1
02/13/2023 17:53:51,1676328831.0,124842000.0,152309000.0,0.54,-0.02,SELL,18.03,21662.1
02/13/2023 17:54:08,1676328848.0,300032000.0,102067000.0,0.58,-0.49,BUY,65.98,21658.0
02/13/2023 17:54:19,1676328859.0,64290000.0,194489000.0,-3.67,0.48,SELL,66.94,21658.0
02/13/2023 17:54:51,1676328891.0,182092000.0,166240000.0,0.65,-0.17,BUY,8.71,21654.5
02/13/2023 17:55:34,1676328934.0,201283000.0,191209000.0,0.1,0.13,BUY,5.0,21654.8
02/13/2023 17:56:18,1676328978.0,183884000.0,150171000.0,-0.09,-0.27,BUY,18.33,21645.3
02/13/2023 17:57:02,1676329022.0,222320000.0,305993000.0,0.17,0.51,SELL,27.34,21648.7
02/13/2023 17:57:18,1676329038.0,194171000.0,297928000.0,-0.14,-0.03,SELL,34.83,21648.7
02/13/2023 17:57:34,1676329054.0,207455000.0,315447000.0,0.06,0.06,SELL,34.23,21648.7
02/13/2023 17:57:51,1676329071.0,215351000.0,233484000.0,0.04,-0.35,SELL,7.77,21649.2
02/13/2023 17:58:07,1676329087.0,205522000.0,208553000.0,-0.05,-0.12,SELL,1.45,21646.8
02/13/2023 17:58:23,1676329103.0,205102000.0,199313000.0,-0.0,-0.05,BUY,2.82,21646.8
02/13/2023 17:59:07,1676329147.0,242243000.0,197100000.0,0.15,-0.01,BUY,18.64,21646.8
02/13/2023 17:59:51,1676329191.0,196109000.0,203663000.0,-0.24,0.03,SELL,3.71,21646.8
02/13/2023 17:59:55,1676329195.0,160785000.0,197767000.0,-0.22,-0.03,SELL,18.7,21646.8
02/13/2023 18:00:07,1676329207.0,220929000.0,198957000.0,0.27,0.01,BUY,9.95,21646.8
02/13/2023 18:00:51,1676329251.0,255896000.0,184928000.0,0.14,-0.08,BUY,27.73,21646.8
02/13/2023 18:01:35,1676329295.0,223437000.0,190307000.0,-0.15,0.03,BUY,14.83,21646.8
02/13/2023 18:02:18,1676329338.0,175428000.0,192890000.0,-0.27,0.01,SELL,9.05,21646.8
02/13/2023 18:02:36,1676329356.0,96589000.0,190988000.0,-0.82,-0.01,SELL,49.43,21642.0
02/13/2023 18:02:53,1676329373.0,213452000.0,283288000.0,0.55,0.33,SELL,24.65,21654.9
02/13/2023 18:03:08,1676329388.0,210931000.0,237544000.0,-0.01,-0.19,SELL,11.2,21650.6
02/13/2023 18:03:25,1676329405.0,329466000.0,193696000.0,0.36,-0.23,BUY,41.21,21653.5
02/13/2023 18:04:09,1676329449.0,227304000.0,388321000.0,-0.45,0.5,SELL,41.46,21652.4
02/13/2023 18:04:25,1676329465.0,208625000.0,283340000.0,-0.09,-0.37,SELL,26.37,21655.9
02/13/2023 18:04:42,1676329482.0,190044000.0,212204000.0,-0.1,-0.34,SELL,10.44,21656.8
02/13/2023 18:04:59,1676329499.0,199260000.0,442448000.0,0.05,0.52,SELL,54.96,21651.9
02/13/2023 18:05:15,1676329515.0,239174000.0,221109000.0,0.17,-1.0,BUY,7.55,21651.9
02/13/2023 18:05:30,1676329530.0,246375000.0,318338000.0,0.03,0.31,SELL,22.61,21651.9
02/13/2023 18:05:41,1676329541.0,271432000.0,187099000.0,0.09,-0.7,BUY,31.07,21651.9
02/13/2023 18:05:59,1676329559.0,303561000.0,225178000.0,0.11,0.17,BUY,25.82,21651.9
02/13/2023 18:06:15,1676329575.0,261874000.0,238936000.0,-0.16,0.06,BUY,8.76,21651.9
02/13/2023 18:06:42,1676329602.0,158709000.0,178323000.0,-0.65,-0.34,SELL,11.0,21651.9
02/13/2023 18:06:48,1676329608.0,192289000.0,191594000.0,0.17,0.07,BUY,0.36,21651.9
02/13/2023 18:06:59,1676329619.0,157006000.0,194795000.0,-0.22,0.02,SELL,19.4,21651.9
02/13/2023 18:07:15,1676329635.0,239144000.0,341212000.0,0.34,0.43,SELL,29.91,21654.9
02/13/2023 18:07:21,1676329641.0,187920000.0,302913000.0,-0.27,-0.13,SELL,37.96,21654.9
02/13/2023 18:07:31,1676329651.0,180489000.0,149229000.0,-0.04,-1.03,BUY,17.32,21654.9
02/13/2023 18:08:15,1676329695.0,218857000.0,70379000.0,0.18,-1.12,BUY,67.84,21653.1
02/13/2023 18:09:00,1676329740.0,228442000.0,196105000.0,0.04,0.64,BUY,14.16,21642.7
02/13/2023 18:09:43,1676329783.0,111266000.0,218475000.0,-1.05,0.1,SELL,49.07,21642.0
02/13/2023 18:10:00,1676329800.0,227498000.0,192866000.0,0.51,-0.13,BUY,15.22,21642.0
02/13/2023 18:10:43,1676329843.0,133713000.0,327115000.0,-0.7,0.41,SELL,59.12,21644.8
02/13/2023 18:10:59,1676329859.0,149449000.0,364948000.0,0.11,0.1,SELL,59.05,21644.8
02/13/2023 18:11:06,1676329866.0,99924000.0,325369000.0,-0.5,-0.12,SELL,69.29,21644.8
02/13/2023 18:11:15,1676329875.0,66077000.0,328327000.0,-0.51,0.01,SELL,79.87,21644.8
02/13/2023 18:11:32,1676329892.0,203825000.0,361742000.0,0.68,0.09,SELL,43.65,21644.8
02/13/2023 18:11:49,1676329909.0,164022000.0,345853000.0,-0.24,-0.05,SELL,52.57,21657.8
02/13/2023 18:12:05,1676329925.0,280937000.0,231720000.0,0.42,-0.49,BUY,17.52,21666.5
02/13/2023 18:12:49,1676329969.0,147643000.0,326999000.0,-0.9,0.29,SELL,54.85,21674.5
02/13/2023 18:12:57,1676329977.0,205813000.0,411121000.0,0.28,0.2,SELL,49.94,21674.5
02/13/2023 18:13:05,1676329985.0,216561000.0,349749000.0,0.05,-0.18,SELL,38.08,21674.5
02/13/2023 18:13:21,1676330001.0,180637000.0,360670000.0,-0.2,0.03,SELL,49.92,21676.5
02/13/2023 18:13:37,1676330017.0,299441000.0,90246000.0,0.4,-3.0,BUY,69.86,21727.3
02/13/2023 18:14:21,1676330061.0,153632000.0,284058000.0,-0.95,0.68,SELL,45.92,21715.0
02/13/2023 18:14:37,1676330077.0,229677000.0,215166000.0,0.33,-0.32,BUY,6.32,21716.8
02/13/2023 18:15:21,1676330121.0,201589000.0,413468000.0,-0.14,0.48,SELL,51.24,21709.8
02/13/2023 18:15:36,1676330136.0,190945000.0,200675000.0,-0.06,-1.06,SELL,4.85,21720.0
02/13/2023 18:15:52,1676330152.0,56076000.0,315530000.0,-2.41,0.36,SELL,82.23,21712.0
02/13/2023 18:16:07,1676330167.0,111576000.0,189056000.0,0.5,-0.67,SELL,40.98,21718.4
02/13/2023 18:16:21,1676330181.0,92990000.0,165612000.0,-0.2,-0.14,SELL,43.85,21747.6
02/13/2023 18:16:36,1676330196.0,122168000.0,105860000.0,0.24,-0.56,BUY,13.35,21760.0
02/13/2023 18:16:41,1676330201.0,209521000.0,106780000.0,0.42,0.01,BUY,49.04,21760.9
02/13/2023 18:17:16,1676330236.0,179288000.0,124617000.0,-0.17,0.14,BUY,30.49,21783.1
02/13/2023 18:17:20,1676330240.0,262968000.0,46276000.0,0.32,-1.69,BUY,82.4,21774.6
02/13/2023 18:17:49,1676330269.0,165117000.0,184813000.0,-0.59,0.75,SELL,10.66,21743.0
02/13/2023 18:18:04,1676330284.0,175670000.0,264879000.0,0.06,0.3,SELL,33.68,21739.6
02/13/2023 18:18:23,1676330303.0,110842000.0,199952000.0,-0.58,-0.32,SELL,44.57,21733.7
02/13/2023 18:18:33,1676330313.0,287767000.0,258355000.0,0.61,0.23,BUY,10.22,21735.4
02/13/2023 18:18:47,1676330327.0,186479000.0,171133000.0,-0.54,-0.51,BUY,8.23,21742.4
02/13/2023 18:18:56,1676330336.0,251713000.0,125915000.0,0.26,-0.36,BUY,49.98,21739.4
02/13/2023 18:19:06,1676330346.0,145595000.0,423268000.0,-0.73,0.7,SELL,65.6,21731.7
02/13/2023 18:19:30,1676330370.0,206525000.0,372119000.0,0.3,-0.14,SELL,44.5,21743.9
02/13/2023 18:19:40,1676330380.0,168789000.0,195044000.0,-0.22,-0.91,SELL,13.46,21742.0
02/13/2023 18:19:41,1676330381.0,174536000.0,218014000.0,0.03,0.11,SELL,19.94,21744.2
02/13/2023 18:20:14,1676330414.0,218893000.0,274475000.0,0.2,0.21,SELL,20.25,21755.6
02/13/2023 18:20:16,1676330416.0,221857000.0,214726000.0,0.01,-0.28,BUY,3.21,21755.6
02/13/2023 18:20:47,1676330447.0,132575000.0,278266000.0,-0.67,0.23,SELL,52.36,21747.7
02/13/2023 18:20:49,1676330449.0,160840000.0,279425000.0,0.18,0.0,SELL,42.44,21747.7
02/13/2023 18:20:58,1676330458.0,122813000.0,323170000.0,-0.31,0.14,SELL,62.0,21749.8
02/13/2023 18:21:10,1676330470.0,144048000.0,270275000.0,0.15,-0.2,SELL,46.7,21746.5
02/13/2023 18:21:20,1676330480.0,151063000.0,270077000.0,0.05,-0.0,SELL,44.07,21747.3
02/13/2023 18:21:23,1676330483.0,135383000.0,296226000.0,-0.12,0.09,SELL,54.3,21747.3
02/13/2023 18:21:54,1676330514.0,167847000.0,215646000.0,0.19,-0.37,SELL,22.17,21747.5
02/13/2023 18:21:56,1676330516.0,170691000.0,247486000.0,0.02,0.13,SELL,31.03,21747.5
02/13/2023 18:22:07,1676330527.0,179109000.0,215060000.0,0.05,-0.15,SELL,16.72,21747.9
02/13/2023 18:22:19,1676330539.0,178386000.0,272181000.0,-0.0,0.21,SELL,34.46,21757.8
02/13/2023 18:22:40,1676330560.0,150250000.0,367852000.0,-0.19,0.26,SELL,59.15,21761.7
02/13/2023 18:22:51,1676330571.0,200048000.0,301180000.0,0.25,-0.22,SELL,33.58,21759.8
02/13/2023 18:23:05,1676330585.0,164995000.0,281177000.0,-0.21,-0.07,SELL,41.32,21759.8
02/13/2023 18:23:15,1676330595.0,103239000.0,278717000.0,-0.6,-0.01,SELL,62.96,21759.9
02/13/2023 18:23:39,1676330619.0,179888000.0,330354000.0,0.43,0.16,SELL,45.55,21758.6
02/13/2023 18:23:49,1676330629.0,192843000.0,170421000.0,0.07,-0.94,BUY,11.63,21759.8
02/13/2023 18:24:01,1676330641.0,174434000.0,352861000.0,-0.11,0.52,SELL,50.57,21756.3
02/13/2023 18:24:12,1676330652.0,313877000.0,410740000.0,0.44,0.14,SELL,23.58,21764.1
02/13/2023 18:24:35,1676330675.0,54973000.0,249342000.0,-4.71,-0.65,SELL,77.95,21775.3
02/13/2023 18:24:45,1676330685.0,60741000.0,182555000.0,0.09,-0.37,SELL,66.73,21770.7
02/13/2023 18:24:46,1676330686.0,84877000.0,182097000.0,0.28,-0.0,SELL,53.39,21770.7
02/13/2023 18:24:58,1676330698.0,68614000.0,344990000.0,-0.24,0.47,SELL,80.11,21771.0
02/13/2023 18:25:09,1676330709.0,170113000.0,253193000.0,0.6,-0.36,SELL,32.81,21783.6
02/13/2023 18:25:30,1676330730.0,60160000.0,238430000.0,-1.83,-0.06,SELL,74.77,21784.3
02/13/2023 18:25:32,1676330732.0,197417000.0,366011000.0,0.7,0.35,SELL,46.06,21790.1
02/13/2023 18:25:44,1676330744.0,165661000.0,369659000.0,-0.19,0.01,SELL,55.19,21791.9
02/13/2023 18:26:06,1676330766.0,313672000.0,207373000.0,0.47,-0.78,BUY,33.89,21780.0
02/13/2023 18:26:13,1676330773.0,168657000.0,251515000.0,-0.86,0.18,SELL,32.94,21780.0
02/13/2023 18:26:17,1676330777.0,139096000.0,331796000.0,-0.21,0.24,SELL,58.08,21778.8
02/13/2023 18:26:40,1676330800.0,145366000.0,210894000.0,0.04,-0.57,SELL,31.07,21784.2
02/13/2023 18:26:50,1676330810.0,70783000.0,190734000.0,-1.05,-0.11,SELL,62.89,21784.2
02/13/2023 18:26:57,1676330817.0,201626000.0,406815000.0,0.65,0.53,SELL,50.44,21777.6
02/13/2023 18:27:03,1676330823.0,143810000.0,334399000.0,-0.4,-0.22,SELL,56.99,21782.7
02/13/2023 18:27:09,1676330829.0,275074000.0,325452000.0,0.48,-0.03,SELL,15.48,21782.7
02/13/2023 18:27:14,1676330834.0,150534000.0,266369000.0,-0.83,-0.22,SELL,43.49,21795.8
02/13/2023 18:27:37,1676330857.0,66856000.0,339873000.0,-1.25,0.22,SELL,80.33,21794.1
02/13/2023 18:27:47,1676330867.0,74572000.0,380384000.0,0.1,0.11,SELL,80.4,21799.6
02/13/2023 18:27:53,1676330873.0,193338000.0,236752000.0,0.61,-0.61,SELL,18.34,21799.2
02/13/2023 18:28:05,1676330885.0,61285000.0,214304000.0,-2.15,-0.1,SELL,71.4,21795.7
02/13/2023 18:28:11,1676330891.0,176268000.0,340353000.0,0.65,0.37,SELL,48.21,21792.8
02/13/2023 18:28:20,1676330900.0,171191000.0,222720000.0,-0.03,-0.53,SELL,23.14,21796.9
02/13/2023 18:28:45,1676330925.0,95809000.0,356207000.0,-0.79,0.37,SELL,73.1,21791.3
02/13/2023 18:28:48,1676330928.0,160465000.0,422593000.0,0.4,0.16,SELL,62.03,21791.3
02/13/2023 18:28:55,1676330935.0,226240000.0,311858000.0,0.29,-0.36,SELL,27.45,21793.9
02/13/2023 18:29:07,1676330947.0,70695000.0,337980000.0,-2.2,0.08,SELL,79.08,21802.2
02/13/2023 18:29:19,1676330959.0,66652000.0,412037000.0,-0.06,0.18,SELL,83.82,21805.6
02/13/2023 18:29:34,1676330974.0,53499000.0,160646000.0,-0.25,-1.56,SELL,66.7,21807.1
02/13/2023 18:29:42,1676330982.0,43982000.0,159925000.0,-0.22,-0.0,SELL,72.5,21817.9
02/13/2023 18:29:53,1676330993.0,185259000.0,260200000.0,0.76,0.39,SELL,28.8,21819.4
02/13/2023 18:30:15,1676331015.0,233011000.0,186661000.0,0.2,-0.39,BUY,19.89,21829.9
02/13/2023 18:30:18,1676331018.0,212271000.0,203409000.0,-0.1,0.08,BUY,4.17,21825.1
02/13/2023 18:30:27,1676331027.0,162389000.0,196500000.0,-0.31,-0.04,SELL,17.36,21812.8
02/13/2023 18:30:49,1676331049.0,159657000.0,233453000.0,-0.02,0.16,SELL,31.61,21805.2
02/13/2023 18:31:00,1676331060.0,247261000.0,167779000.0,0.35,-0.39,BUY,32.14,21805.2
02/13/2023 18:31:22,1676331082.0,176091000.0,311577000.0,-0.4,0.46,SELL,43.48,21809.0
02/13/2023 18:31:34,1676331094.0,142206000.0,197455000.0,-0.24,-0.58,SELL,27.98,21803.4
02/13/2023 18:31:44,1676331104.0,163067000.0,55128000.0,0.13,-2.58,BUY,66.19,21856.8
02/13/2023 18:31:56,1676331116.0,142246000.0,155554000.0,-0.15,0.65,SELL,8.56,21841.1
02/13/2023 18:32:08,1676331128.0,202177000.0,68772000.0,0.3,-1.26,BUY,65.98,21843.7
02/13/2023 18:32:28,1676331148.0,206186000.0,79295000.0,0.02,0.13,BUY,61.54,21820.0
02/13/2023 18:32:41,1676331161.0,163030000.0,45349000.0,-0.26,-0.75,BUY,72.18,21823.1
02/15/2023 01:01:55,1676440915.0,177952000.0,178596000.0,0.08,0.75,SELL,0.36,22137.7
02/15/2023 01:02:08,1676440928.0,176551000.0,178605000.0,-0.01,0.0,SELL,1.15,22137.7
02/15/2023 01:02:18,1676440938.0,177900000.0,179498000.0,0.01,0.0,SELL,0.89,22137.7
02/15/2023 01:02:43,1676440963.0,268200000.0,319443000.0,0.34,0.44,SELL,16.04,22137.6
02/15/2023 01:02:52,1676440972.0,167843000.0,249822000.0,-0.6,-0.28,SELL,32.81,22137.6
02/15/2023 01:03:06,1676440986.0,212260000.0,226539000.0,0.21,-0.1,SELL,6.3,22137.6
02/15/2023 01:03:17,1676440997.0,175006000.0,223971000.0,-0.21,-0.01,SELL,21.86,22137.6
02/15/2023 01:03:40,1676441020.0,190879000.0,217941000.0,0.08,-0.03,SELL,12.42,22137.6
02/15/2023 01:03:50,1676441030.0,168472000.0,222888000.0,-0.13,0.02,SELL,24.41,22137.6
02/15/2023 01:03:50,1676441030.0,168472000.0,222888000.0,0.0,0.0,SELL,24.41,22137.6
02/15/2023 01:04:03,1676441043.0,216597000.0,221031000.0,0.22,-0.01,SELL,2.01,22137.6
02/15/2023 01:04:15,1676441055.0,173675000.0,228191000.0,-0.25,0.03,SELL,23.89,22137.6
02/15/2023 01:04:34,1676441074.0,173712000.0,234194000.0,0.0,0.03,SELL,25.83,22137.6
02/15/2023 01:04:37,1676441077.0,173712000.0,231846000.0,0.0,-0.01,SELL,25.07,22137.6
02/15/2023 01:04:50,1676441090.0,168706000.0,231087000.0,-0.03,-0.0,SELL,26.99,22137.6
02/15/2023 01:05:11,1676441111.0,215771000.0,224528000.0,0.22,-0.03,SELL,3.9,22137.6
02/15/2023 01:05:18,1676441118.0,191512000.0,230559000.0,-0.13,0.03,SELL,16.94,22137.6
02/15/2023 01:05:23,1676441123.0,193615000.0,231001000.0,0.01,0.0,SELL,16.18,22137.6
02/15/2023 01:05:45,1676441145.0,140517000.0,226643000.0,-0.38,-0.02,SELL,38.0,22137.6
02/15/2023 01:05:57,1676441157.0,185222000.0,226778000.0,0.24,0.0,SELL,18.32,22137.6
02/15/2023 01:05:59,1676441159.0,185377000.0,226643000.0,0.0,-0.0,SELL,18.21,22137.6
02/15/2023 01:06:02,1676441162.0,188308000.0,224031000.0,0.02,-0.01,SELL,15.95,22137.6
02/15/2023 01:06:10,1676441170.0,192775000.0,228701000.0,0.02,0.02,SELL,15.71,22137.6
02/15/2023 01:06:34,1676441194.0,157341000.0,226582000.0,-0.23,-0.01,SELL,30.56,22137.6
02/15/2023 01:06:44,1676441204.0,179702000.0,358446000.0,0.12,0.37,SELL,49.87,22137.6
02/15/2023 01:06:46,1676441206.0,179699000.0,355981000.0,-0.0,-0.01,SELL,49.52,22137.6
02/15/2023 01:06:57,1676441217.0,186721000.0,341915000.0,0.04,-0.04,SELL,45.39,22137.6
02/15/2023 01:06:58,1676441218.0,186721000.0,294708000.0,0.0,-0.16,SELL,36.64,22137.6
02/15/2023 01:07:09,1676441229.0,205282000.0,316548000.0,0.09,0.07,SELL,35.15,22137.6
02/15/2023 01:07:20,1676441240.0,223984000.0,148507000.0,0.08,-1.13,BUY,33.7,22137.6
02/15/2023 01:07:43,1676441263.0,255150000.0,285120000.0,0.12,0.48,SELL,10.51,22149.0
02/15/2023 01:07:54,1676441274.0,194775000.0,329631000.0,-0.31,0.14,SELL,40.91,22149.0
02/15/2023 01:08:07,1676441287.0,132727000.0,290076000.0,-0.47,-0.14,SELL,54.24,22149.0
02/15/2023 01:08:16,1676441296.0,138828000.0,284466000.0,0.04,-0.02,SELL,51.2,22149.0
02/15/2023 01:08:26,1676441306.0,140617000.0,284917000.0,0.01,0.0,SELL,50.65,22149.0
02/15/2023 01:08:41,1676441321.0,142365000.0,284907000.0,0.01,-0.0,SELL,50.03,22149.0
02/15/2023 01:08:51,1676441331.0,142195000.0,284932000.0,-0.0,0.0,SELL,50.1,22149.0
02/15/2023 01:09:10,1676441350.0,66191000.0,273000000.0,-1.15,-0.04,SELL,75.75,22149.0
02/15/2023 01:09:16,1676441356.0,67684000.0,277700000.0,0.02,0.02,SELL,75.63,22149.0
02/15/2023 01:09:25,1676441365.0,101956000.0,214386000.0,0.34,-0.3,SELL,52.44,22148.9
02/15/2023 01:09:50,1676441390.0,60908000.0,154595000.0,-0.67,-0.39,SELL,60.6,22147.4
02/15/2023 01:09:54,1676441394.0,111649000.0,122728000.0,0.45,-0.26,SELL,9.03,22145.9
02/15/2023 01:09:59,1676441399.0,116537000.0,89083000.0,0.04,-0.38,BUY,23.56,22145.9
02/15/2023 01:10:24,1676441424.0,196950000.0,151028000.0,0.41,0.41,BUY,23.32,22140.4
02/15/2023 01:10:33,1676441433.0,265565000.0,105967000.0,0.26,-0.43,BUY,60.1,22140.4
02/15/2023 01:10:37,1676441437.0,265287000.0,106114000.0,-0.0,0.0,BUY,60.0,22140.4
02/15/2023 01:10:58,1676441458.0,219589000.0,285928000.0,-0.21,0.63,SELL,23.2,22140.4
02/15/2023 01:11:07,1676441467.0,219146000.0,232127000.0,-0.0,-0.23,SELL,5.59,22140.4
02/15/2023 01:11:11,1676441471.0,219187000.0,307687000.0,0.0,0.25,SELL,28.76,22140.4
02/15/2023 01:11:21,1676441481.0,220503000.0,179649000.0,0.01,-0.71,BUY,18.53,22140.4
02/15/2023 01:11:41,1676441501.0,263177000.0,180076000.0,0.16,0.0,BUY,31.58,22140.4
02/15/2023 01:11:44,1676441504.0,205200000.0,186666000.0,-0.28,0.04,BUY,9.03,22140.4
02/15/2023 01:12:06,1676441526.0,199253000.0,158847000.0,-0.03,-0.18,BUY,20.28,22140.4
02/15/2023 01:12:14,1676441534.0,197843000.0,197463000.0,-0.01,0.2,BUY,0.19,22140.4
02/15/2023 01:12:18,1676441538.0,197903000.0,200054000.0,0.0,0.01,SELL,1.08,22140.4
02/15/2023 01:12:48,1676441568.0,199337000.0,199891000.0,0.01,-0.0,SELL,0.28,22140.4
02/15/2023 01:12:50,1676441570.0,199202000.0,201440000.0,-0.0,0.01,SELL,1.11,22140.4
02/15/2023 01:12:52,1676441572.0,199202000.0,201818000.0,0.0,0.0,SELL,1.3,22140.4
02/15/2023 01:13:04,1676441584.0,199202000.0,159586000.0,0.0,-0.26,BUY,19.89,22140.4
02/15/2023 01:13:23,1676441603.0,209509000.0,177194000.0,0.05,0.1,BUY,15.42,22140.4
02/15/2023 01:13:34,1676441614.0,287969000.0,227568000.0,0.27,0.22,BUY,20.97,22140.4
02/15/2023 01:13:39,1676441619.0,277116000.0,217973000.0,-0.04,-0.04,BUY,21.34,22140.4
02/15/2023 01:13:58,1676441638.0,238714000.0,248907000.0,-0.16,0.12,SELL,4.1,22144.5
02/15/2023 01:14:13,1676441653.0,240635000.0,289050000.0,0.01,0.14,SELL,16.75,22146.6
02/15/2023 01:14:18,1676441658.0,178108000.0,194331000.0,-0.35,-0.49,SELL,8.35,22150.8
02/15/2023 01:14:33,1676441673.0,203010000.0,236128000.0,0.12,0.18,SELL,14.03,22155.7
02/15/2023 01:14:47,1676441687.0,234003000.0,218398000.0,0.13,-0.08,BUY,6.67,22155.7
02/15/2023 01:15:02,1676441702.0,109937000.0,269903000.0,-1.13,0.19,SELL,59.27,22150.3
02/15/2023 01:15:07,1676441707.0,199103000.0,152507000.0,0.45,-0.77,BUY,23.4,22150.3
02/15/2023 01:15:21,1676441721.0,191149000.0,219071000.0,-0.04,0.3,SELL,12.75,22150.3
02/15/2023 01:15:41,1676441741.0,161240000.0,81505000.0,-0.19,-1.69,BUY,49.45,22145.0
02/15/2023 01:15:45,1676441745.0,160108000.0,79000000.0,-0.01,-0.03,BUY,50.66,22145.0
02/15/2023 01:15:54,1676441754.0,237582000.0,78046000.0,0.33,-0.01,BUY,67.15,22143.1
02/15/2023 01:16:07,1676441767.0,156122000.0,198741000.0,-0.52,0.61,SELL,21.44,22143.1
02/15/2023 01:16:14,1676441774.0,232183000.0,189482000.0,0.33,-0.05,BUY,18.39,22143.1
02/15/2023 01:16:28,1676441788.0,274518000.0,190313000.0,0.15,0.0,BUY,30.67,22143.1
02/15/2023 01:16:41,1676441801.0,232380000.0,191660000.0,-0.18,0.01,BUY,17.52,22143.1
02/15/2023 01:16:48,1676441808.0,203507000.0,195207000.0,-0.14,0.02,BUY,4.08,22143.1
02/15/2023 01:17:01,1676441821.0,147235000.0,198275000.0,-0.38,0.02,SELL,25.74,22143.1
02/15/2023 01:17:12,1676441832.0,147638000.0,198280000.0,0.0,0.0,SELL,25.54,22140.5
02/15/2023 01:17:15,1676441835.0,147835000.0,198572000.0,0.0,0.0,SELL,25.55,22140.5
02/15/2023 01:17:35,1676441855.0,299694000.0,181329000.0,0.51,-0.1,BUY,39.5,22140.6
02/15/2023 01:17:49,1676441869.0,299740000.0,148592000.0,0.0,-0.22,BUY,50.43,22140.6
02/15/2023 01:17:57,1676441877.0,297542000.0,149663000.0,-0.01,0.01,BUY,49.7,22140.6
02/15/2023 01:18:10,1676441890.0,297701000.0,151288000.0,0.0,0.01,BUY,49.18,22140.6
02/15/2023 01:18:24,1676441904.0,297529000.0,149803000.0,-0.0,-0.01,BUY,49.65,22140.6
02/15/2023 01:18:44,1676441924.0,290865000.0,180575000.0,-0.02,0.17,BUY,37.92,22140.5
02/15/2023 01:18:54,1676441934.0,270930000.0,178223000.0,-0.07,-0.01,BUY,34.22,22140.5
02/15/2023 01:18:58,1676441938.0,268801000.0,178374000.0,-0.01,0.0,BUY,33.64,22140.5
02/15/2023 01:19:10,1676441950.0,270298000.0,179700000.0,0.01,0.01,BUY,33.52,22140.5
02/15/2023 01:19:18,1676441958.0,269056000.0,176768000.0,-0.0,-0.02,BUY,34.3,22140.5
02/15/2023 01:19:38,1676441978.0,283643000.0,171782000.0,0.05,-0.03,BUY,39.44,22140.5
02/15/2023 01:19:45,1676441985.0,283483000.0,171949000.0,-0.0,0.0,BUY,39.34,22140.5
02/15/2023 01:19:52,1676441992.0,282183000.0,172834000.0,-0.0,0.01,BUY,38.75,22140.5
02/15/2023 01:20:20,1676442020.0,281983000.0,172400000.0,-0.0,-0.0,BUY,38.86,22140.5
02/15/2023 01:20:21,1676442021.0,281983000.0,172851000.0,0.0,0.0,BUY,38.7,22140.5
02/15/2023 01:20:26,1676442026.0,283480000.0,168166000.0,0.01,-0.03,BUY,40.68,22140.6
02/15/2023 01:20:54,1676442054.0,281760000.0,186655000.0,-0.01,0.1,BUY,33.75,22140.5
02/15/2023 01:21:00,1676442060.0,282096000.0,184434000.0,0.0,-0.01,BUY,34.62,22140.5
02/15/2023 01:21:05,1676442065.0,282096000.0,184137000.0,0.0,-0.0,BUY,34.73,22140.5
02/15/2023 01:21:28,1676442088.0,279700000.0,176819000.0,-0.01,-0.04,BUY,36.78,22140.5
02/15/2023 01:21:34,1676442094.0,285111000.0,159039000.0,0.02,-0.11,BUY,44.22,22140.5
02/15/2023 01:21:49,1676442109.0,276558000.0,157608000.0,-0.03,-0.01,BUY,43.01,22140.5
02/15/2023 01:22:02,1676442122.0,187935000.0,192910000.0,-0.47,0.18,SELL,2.58,22140.6
02/15/2023 01:22:08,1676442128.0,187032000.0,193784000.0,-0.0,0.0,SELL,3.48,22140.6
02/15/2023 01:22:33,1676442153.0,283059000.0,192765000.0,0.34,-0.01,BUY,31.9,22140.5
02/15/2023 01:22:36,1676442156.0,284408000.0,192765000.0,0.0,0.0,BUY,32.22,22140.5
02/15/2023 01:22:41,1676442161.0,285763000.0,192705000.0,0.0,-0.0,BUY,32.56,22140.5
02/15/2023 01:22:55,1676442175.0,135383000.0,180388000.0,-1.11,-0.07,SELL,24.95,22140.5
02/15/2023 01:23:07,1676442187.0,177488000.0,179195000.0,0.24,-0.01,SELL,0.95,22140.5
02/15/2023 01:23:09,1676442189.0,222650000.0,172712000.0,0.2,-0.04,BUY,22.43,22140.5
02/15/2023 01:23:17,1676442197.0,134932000.0,171480000.0,-0.65,-0.01,SELL,21.31,22140.5
02/15/2023 01:23:41,1676442221.0,223802000.0,187956000.0,0.4,0.09,BUY,16.02,22140.5
02/15/2023 01:23:44,1676442224.0,224032000.0,187956000.0,0.0,0.0,BUY,16.1,22140.5
02/15/2023 01:24:01,1676442241.0,187722000.0,188993000.0,-0.19,0.01,SELL,0.67,22140.5
02/15/2023 01:24:15,1676442255.0,210264000.0,172971000.0,0.11,-0.09,BUY,17.74,22140.5
02/15/2023 01:24:18,1676442258.0,210264000.0,172881000.0,0.0,-0.0,BUY,17.78,22140.5
02/15/2023 01:24:45,1676442285.0,212069000.0,144124000.0,0.01,-0.2,BUY,32.04,22140.5
02/15/2023 01:24:48,1676442288.0,212069000.0,144259000.0,0.0,0.0,BUY,31.98,22140.5
02/15/2023 01:24:51,1676442291.0,212069000.0,144259000.0,0.0,0.0,BUY,31.98,22140.5
02/15/2023 01:25:03,1676442303.0,209927000.0,158858000.0,-0.01,0.09,BUY,24.33,22140.5
02/15/2023 01:25:23,1676442323.0,210104000.0,156040000.0,0.0,-0.02,BUY,25.73,22140.5
02/15/2023 01:25:28,1676442328.0,240833000.0,163928000.0,0.13,0.05,BUY,31.93,22140.5
02/15/2023 01:25:37,1676442337.0,264522000.0,206871000.0,0.09,0.21,BUY,21.79,22140.5
02/15/2023 01:25:56,1676442356.0,235939000.0,174143000.0,-0.12,-0.19,BUY,26.19,22139.5
02/15/2023 01:26:12,1676442372.0,257764000.0,179475000.0,0.08,0.03,BUY,30.37,22139.5
02/15/2023 01:26:30,1676442390.0,258546000.0,174524000.0,0.0,-0.03,BUY,32.5,22139.5
02/15/2023 01:26:47,1676442407.0,183875000.0,179042000.0,-0.41,0.03,BUY,2.63,22139.5
02/15/2023 01:26:57,1676442417.0,160990000.0,189449000.0,-0.14,0.05,SELL,15.02,22139.5
02/15/2023 01:27:05,1676442425.0,317285000.0,196300000.0,0.49,0.03,BUY,38.13,22139.5
02/15/2023 01:27:21,1676442441.0,225704000.0,182818000.0,-0.41,-0.07,BUY,19.0,22139.4
02/15/2023 01:27:38,1676442458.0,259022000.0,189015000.0,0.13,0.03,BUY,27.03,22139.4
02/15/2023 01:27:41,1676442461.0,259033000.0,189015000.0,0.0,0.0,BUY,27.03,22139.4
02/15/2023 01:27:55,1676442475.0,285856000.0,147992000.0,0.09,-0.28,BUY,48.23,22139.4
02/15/2023 01:28:07,1676442487.0,201061000.0,185760000.0,-0.42,0.2,BUY,7.61,22139.4
02/15/2023 01:28:13,1676442493.0,199650000.0,71244000.0,-0.01,-1.61,BUY,64.32,22139.4
02/15/2023 01:28:25,1676442505.0,198295000.0,71244000.0,-0.01,0.0,BUY,64.07,22139.4
02/15/2023 01:28:41,1676442521.0,199709000.0,70652000.0,0.01,-0.01,BUY,64.62,22139.4
02/15/2023 01:28:46,1676442526.0,198409000.0,114123000.0,-0.01,0.38,BUY,42.48,22139.4
02/15/2023 01:29:09,1676442549.0,215017000.0,156801000.0,0.08,0.27,BUY,27.08,22139.4
02/15/2023 01:29:15,1676442555.0,216317000.0,157248000.0,0.01,0.0,BUY,27.31,22139.4
02/15/2023 01:29:20,1676442560.0,215512000.0,158743000.0,-0.0,0.01,BUY,26.34,22139.4
02/15/2023 01:29:50,1676442590.0,142549000.0,226517000.0,-0.51,0.3,SELL,37.07,22137.1
02/15/2023 01:29:53,1676442593.0,142995000.0,226122000.0,0.0,-0.0,SELL,36.76,22137.1
02/15/2023 01:30:06,1676442606.0,170555000.0,226560000.0,0.16,0.0,SELL,24.72,22137.1
02/15/2023 01:30:24,1676442624.0,170256000.0,225687000.0,-0.0,-0.0,SELL,24.56,22137.1
02/15/2023 01:30:40,1676442640.0,201299000.0,227182000.0,0.15,0.01,SELL,11.39,22137.2
02/15/2023 01:30:51,1676442651.0,125386000.0,226985000.0,-0.61,-0.0,SELL,44.76,22137.1
02/15/2023 01:30:57,1676442657.0,128049000.0,226975000.0,0.02,-0.0,SELL,43.58,22137.1
02/15/2023 01:31:10,1676442670.0,126574000.0,226940000.0,-0.01,-0.0,SELL,44.23,22137.1
02/15/2023 01:31:14,1676442674.0,249137000.0,226520000.0,0.49,-0.0,BUY,9.08,22137.1
02/15/2023 01:31:35,1676442695.0,223225000.0,184783000.0,-0.12,-0.23,BUY,17.22,22130.8
02/15/2023 01:31:44,1676442704.0,222308000.0,190348000.0,-0.0,0.03,BUY,14.38,22130.3
02/15/2023 01:31:47,1676442707.0,228108000.0,223570000.0,0.03,0.15,BUY,1.99,22130.3
02/15/2023 01:32:18,1676442738.0,214469000.0,112236000.0,-0.06,-0.99,BUY,47.67,22130.3
02/15/2023 01:32:21,1676442741.0,214476000.0,180439000.0,0.0,0.38,BUY,15.87,22130.3
02/15/2023 01:32:52,1676442772.0,193889000.0,206092000.0,-0.11,0.12,SELL,5.92,22129.8
02/15/2023 01:32:55,1676442775.0,160559000.0,206543000.0,-0.21,0.0,SELL,22.26,22129.8
02/15/2023 01:33:01,1676442781.0,199356000.0,207233000.0,0.19,0.0,SELL,3.8,22129.8
02/15/2023 01:33:27,1676442807.0,177969000.0,158013000.0,-0.12,-0.31,BUY,11.21,22129.8
02/15/2023 01:33:27,1676442807.0,180870000.0,59233000.0,0.02,-1.67,BUY,67.25,22129.8
02/15/2023 01:33:45,1676442825.0,112219000.0,325303000.0,-0.61,0.82,SELL,65.5,22125.0
02/15/2023 01:34:01,1676442841.0,184861000.0,337616000.0,0.39,0.04,SELL,45.25,22124.9
02/15/2023 01:34:13,1676442853.0,144653000.0,305988000.0,-0.28,-0.1,SELL,52.73,22124.9
02/15/2023 01:34:28,1676442868.0,147024000.0,251865000.0,0.02,-0.21,SELL,41.63,22124.9
02/15/2023 01:34:36,1676442876.0,186612000.0,276215000.0,0.21,0.09,SELL,32.44,22124.9
02/15/2023 01:34:47,1676442887.0,213550000.0,265264000.0,0.13,-0.04,SELL,19.5,22124.9
02/15/2023 01:35:09,1676442909.0,158518000.0,245451000.0,-0.35,-0.08,SELL,35.42,22124.9
02/15/2023 01:35:12,1676442912.0,234448000.0,246357000.0,0.32,0.0,SELL,4.83,22124.9
02/15/2023 01:35:21,1676442921.0,248426000.0,282926000.0,0.06,0.13,SELL,12.19,22124.9
02/15/2023 01:35:42,1676442942.0,214645000.0,255100000.0,-0.16,-0.11,SELL,15.86,22124.9
02/15/2023 01:35:56,1676442956.0,299252000.0,257235000.0,0.28,0.01,BUY,14.04,22124.9
02/15/2023 01:36:09,1676442969.0,300552000.0,232289000.0,0.0,-0.11,BUY,22.71,22124.9
02/15/2023 01:36:16,1676442976.0,292802000.0,236253000.0,-0.03,0.02,BUY,19.31,22124.9
02/15/2023 01:36:43,1676443003.0,309592000.0,241512000.0,0.05,0.02,BUY,21.99,22124.9
02/15/2023 01:36:50,1676443010.0,275033000.0,239839000.0,-0.13,-0.01,BUY,12.8,22124.9
02/15/2023 01:36:53,1676443013.0,309445000.0,271997000.0,0.11,0.12,BUY,12.1,22124.9
02/15/2023 01:37:06,1676443026.0,273281000.0,242070000.0,-0.13,-0.12,BUY,11.42,22124.9
02/15/2023 01:37:18,1676443038.0,309592000.0,272421000.0,0.12,0.11,BUY,12.01,22124.9
02/15/2023 01:37:25,1676443045.0,237889000.0,210873000.0,-0.3,-0.29,BUY,11.36,22124.9
02/15/2023 01:37:50,1676443070.0,358370000.0,188575000.0,0.34,-0.12,BUY,47.38,22122.7
02/15/2023 01:37:51,1676443071.0,355658000.0,189026000.0,-0.01,0.0,BUY,46.85,22122.7
02/15/2023 01:37:59,1676443079.0,318523000.0,188063000.0,-0.12,-0.01,BUY,40.96,22122.7
02/15/2023 01:38:25,1676443105.0,294194000.0,189354000.0,-0.08,0.01,BUY,35.64,22122.7
02/15/2023 01:38:33,1676443113.0,246329000.0,154762000.0,-0.19,-0.22,BUY,37.17,22122.7
02/15/2023 01:38:35,1676443115.0,246814000.0,123837000.0,0.0,-0.25,BUY,49.83,22122.7
02/15/2023 01:38:59,1676443139.0,236415000.0,187963000.0,-0.04,0.34,BUY,20.49,22127.6
02/15/2023 01:39:08,1676443148.0,236671000.0,184468000.0,0.0,-0.02,BUY,22.06,22127.6
02/15/2023 01:39:19,1676443159.0,266733000.0,185172000.0,0.11,0.0,BUY,30.58,22127.6
02/15/2023 01:39:33,1676443173.0,234406000.0,188621000.0,-0.14,0.02,BUY,19.53,22127.6
02/15/2023 01:39:44,1676443184.0,234418000.0,189523000.0,0.0,0.0,BUY,19.15,22127.6
02/15/2023 01:39:57,1676443197.0,246764000.0,220018000.0,0.05,0.14,BUY,10.84,22127.6
02/15/2023 01:40:03,1676443203.0,245880000.0,185685000.0,-0.0,-0.18,BUY,24.48,22127.6
02/15/2023 01:40:06,1676443206.0,244925000.0,218331000.0,-0.0,0.15,BUY,10.86,22127.6
02/15/2023 01:40:10,1676443210.0,192664000.0,224621000.0,-0.27,0.03,SELL,14.23,22127.6
02/15/2023 01:40:40,1676443240.0,300051000.0,171910000.0,0.36,-0.31,BUY,42.71,22125.0
02/15/2023 01:40:45,1676443245.0,250714000.0,171968000.0,-0.2,0.0,BUY,31.41,22125.0
02/15/2023 01:40:47,1676443247.0,300222000.0,172865000.0,0.16,0.01,BUY,42.42,22125.0
02/15/2023 01:41:00,1676443260.0,269575000.0,206901000.0,-0.11,0.16,BUY,23.25,22125.0
02/15/2023 01:41:15,1676443275.0,228942000.0,219953000.0,-0.18,0.06,BUY,3.93,22125.0
02/15/2023 01:41:19,1676443279.0,379961000.0,242711000.0,0.4,0.09,BUY,36.12,22125.0
02/15/2023 01:41:45,1676443305.0,292788000.0,203980000.0,-0.3,-0.19,BUY,30.33,22126.0
02/15/2023 01:41:49,1676443309.0,292850000.0,204865000.0,0.0,0.0,BUY,30.04,22126.0
02/15/2023 01:41:54,1676443314.0,333571000.0,195320000.0,0.12,-0.05,BUY,41.45,22126.0
02/15/2023 01:42:07,1676443327.0,336238000.0,156098000.0,0.01,-0.25,BUY,53.58,22126.0
02/15/2023 01:42:23,1676443343.0,336283000.0,157799000.0,0.0,0.01,BUY,53.08,22126.0
02/15/2023 01:42:30,1676443350.0,340827000.0,238418000.0,0.01,0.34,BUY,30.05,22123.5
02/15/2023 01:42:41,1676443361.0,429055000.0,166911000.0,0.21,-0.43,BUY,61.1,22125.6
02/15/2023 01:42:58,1676443378.0,391534000.0,167884000.0,-0.1,0.01,BUY,57.12,22125.6
02/15/2023 01:43:15,1676443395.0,354820000.0,167870000.0,-0.1,-0.0,BUY,52.69,22125.7
02/15/2023 01:43:33,1676443413.0,431202000.0,126955000.0,0.18,-0.32,BUY,70.56,22125.6
02/15/2023 01:43:49,1676443429.0,455840000.0,129136000.0,0.05,0.02,BUY,71.67,22125.7
02/15/2023 01:43:59,1676443439.0,432660000.0,139167000.0,-0.05,0.07,BUY,67.83,22125.6
02/15/2023 01:44:06,1676443446.0,432475000.0,138923000.0,-0.0,-0.0,BUY,67.88,22125.7
02/15/2023 01:44:23,1676443463.0,367406000.0,140484000.0,-0.18,0.01,BUY,61.76,22125.6
02/15/2023 01:44:40,1676443480.0,367518000.0,140484000.0,0.0,0.0,BUY,61.77,22125.6
02/15/2023 01:44:44,1676443484.0,366412000.0,140434000.0,-0.0,-0.0,BUY,61.67,22125.6
02/15/2023 01:44:57,1676443497.0,421338000.0,187794000.0,0.13,0.25,BUY,55.43,22125.7
02/15/2023 01:45:08,1676443508.0,383260000.0,166369000.0,-0.1,-0.13,BUY,56.59,22125.7
02/15/2023 01:45:10,1676443510.0,383259000.0,164899000.0,-0.0,-0.01,BUY,56.97,22125.7
02/15/2023 01:45:14,1676443514.0,421344000.0,164952000.0,0.09,0.0,BUY,60.85,22125.7
02/15/2023 01:45:44,1676443544.0,305930000.0,221181000.0,-0.38,0.25,BUY,27.7,22125.7
02/15/2023 01:45:47,1676443547.0,270557000.0,225008000.0,-0.13,0.02,BUY,16.84,22125.6
02/15/2023 01:45:52,1676443552.0,196996000.0,223689000.0,-0.37,-0.01,SELL,11.93,22125.6
02/15/2023 01:46:04,1676443564.0,174968000.0,223824000.0,-0.13,0.0,SELL,21.83,22125.6
02/15/2023 01:46:18,1676443578.0,145457000.0,225469000.0,-0.2,0.01,SELL,35.49,22125.6
02/15/2023 01:46:20,1676443580.0,146394000.0,223725000.0,0.01,-0.01,SELL,34.57,22125.6
02/15/2023 01:46:48,1676443608.0,224184000.0,136265000.0,0.35,-0.64,BUY,39.22,22123.8
02/15/2023 01:46:52,1676443612.0,224190000.0,135793000.0,0.0,-0.0,BUY,39.43,22123.8
02/15/2023 01:46:54,1676443614.0,224212000.0,135793000.0,0.0,0.0,BUY,39.44,22123.8
02/15/2023 01:47:07,1676443627.0,223518000.0,212515000.0,-0.0,0.36,BUY,4.92,22123.8
02/15/2023 01:47:25,1676443645.0,185942000.0,152754000.0,-0.2,-0.39,BUY,17.85,22123.8
02/15/2023 01:47:32,1676443652.0,180241000.0,199060000.0,-0.03,0.23,SELL,9.45,22123.8
02/15/2023 01:47:41,1676443661.0,193054000.0,195510000.0,0.07,-0.02,SELL,1.26,22123.8
02/15/2023 01:48:01,1676443681.0,191437000.0,213046000.0,-0.01,0.08,SELL,10.14,22123.8
02/15/2023 01:48:15,1676443695.0,192691000.0,213634000.0,0.01,0.0,SELL,9.8,22123.8
02/15/2023 01:48:35,1676443715.0,221390000.0,156896000.0,0.13,-0.36,BUY,29.13,22123.8
02/15/2023 01:48:50,1676443730.0,214185000.0,279836000.0,-0.03,0.44,SELL,23.46,22123.8
02/15/2023 01:49:00,1676443740.0,186051000.0,152717000.0,-0.15,-0.83,BUY,17.92,22123.8
02/15/2023 01:49:08,1676443748.0,184908000.0,224276000.0,-0.01,0.32,SELL,17.55,22123.8
02/15/2023 01:49:24,1676443764.0,184867000.0,150926000.0,-0.0,-0.49,BUY,18.36,22123.9
02/15/2023 01:49:43,1676443783.0,184326000.0,185945000.0,-0.0,0.19,SELL,0.87,22123.9
02/15/2023 01:49:55,1676443795.0,187406000.0,181651000.0,0.02,-0.02,BUY,3.07,22123.9
02/15/2023 01:49:58,1676443798.0,186497000.0,140943000.0,-0.0,-0.29,BUY,24.43,22123.9
02/15/2023 01:50:27,1676443827.0,183908000.0,185076000.0,-0.01,0.24,SELL,0.63,22123.9
02/15/2023 01:50:29,1676443829.0,242199000.0,199647000.0,0.24,0.07,BUY,17.57,22123.9
02/15/2023 01:50:32,1676443832.0,194659000.0,200504000.0,-0.24,0.0,SELL,2.92,22123.9
02/15/2023 01:51:03,1676443863.0,256837000.0,209655000.0,0.24,0.04,BUY,18.37,22123.9
02/15/2023 01:51:06,1676443866.0,256837000.0,209664000.0,0.0,0.0,BUY,18.37,22123.9
02/15/2023 01:51:12,1676443872.0,259541000.0,208280000.0,0.01,-0.01,BUY,19.75,22123.9
02/15/2023 01:51:36,1676443896.0,177936000.0,199241000.0,-0.46,-0.05,SELL,10.69,22122.9
02/15/2023 01:51:40,1676443900.0,177916000.0,165790000.0,-0.0,-0.2,BUY,6.82,22122.9
02/15/2023 01:51:55,1676443915.0,151026000.0,162484000.0,-0.18,-0.02,SELL,7.05,22122.9
02/15/2023 01:52:08,1676443928.0,150067000.0,165357000.0,-0.01,0.02,SELL,9.25,22122.9
02/15/2023 01:52:10,1676443930.0,216740000.0,200131000.0,0.31,0.17,BUY,7.66,22123.0
02/15/2023 01:52:13,1676443933.0,190322000.0,201038000.0,-0.14,0.0,SELL,5.33,22122.9
02/15/2023 01:52:44,1676443964.0,286408000.0,175351000.0,0.34,-0.15,BUY,38.78,22118.3
02/15/2023 01:52:47,1676443967.0,285806000.0,174947000.0,-0.0,-0.0,BUY,38.79,22117.8
02/15/2023 01:52:52,1676443972.0,294037000.0,207963000.0,0.03,0.16,BUY,29.27,22117.8
02/15/2023 01:53:06,1676443986.0,329498000.0,209116000.0,0.11,0.01,BUY,36.53,22117.8
02/15/2023 01:53:19,1676443999.0,321029000.0,207331000.0,-0.03,-0.01,BUY,35.42,22117.8
02/15/2023 01:53:21,1676444001.0,322354000.0,206436000.0,0.0,-0.0,BUY,35.96,22117.8
02/15/2023 01:53:50,1676444030.0,322594000.0,121045000.0,0.0,-0.71,BUY,62.48,22117.8
02/15/2023 01:53:53,1676444033.0,322594000.0,121497000.0,0.0,0.0,BUY,62.34,22117.8
02/15/2023 01:53:55,1676444035.0,325775000.0,125725000.0,0.01,0.03,BUY,61.41,22117.8
02/15/2023 01:54:08,1676444048.0,290954000.0,125977000.0,-0.12,0.0,BUY,56.7,22117.8
02/15/2023 01:54:27,1676444067.0,337210000.0,190866000.0,0.14,0.34,BUY,43.4,22117.8
02/15/2023 01:54:34,1676444074.0,327853000.0,187948000.0,-0.03,-0.02,BUY,42.67,22117.8
02/15/2023 01:54:42,1676444082.0,347297000.0,191801000.0,0.06,0.02,BUY,44.77,22117.8
02/15/2023 01:55:01,1676444101.0,268102000.0,191802000.0,-0.3,0.0,BUY,28.46,22117.9
02/15/2023 01:55:16,1676444116.0,254413000.0,229531000.0,-0.05,0.16,BUY,9.78,22117.9
02/15/2023 01:55:17,1676444117.0,253566000.0,230840000.0,-0.0,0.01,BUY,8.96,22117.9
02/15/2023 01:55:36,1676444136.0,243106000.0,227073000.0,-0.04,-0.02,BUY,6.6,22117.9
02/15/2023 01:55:51,1676444151.0,376957000.0,187020000.0,0.36,-0.21,BUY,50.39,22117.9
02/15/2023 01:56:02,1676444162.0,375545000.0,241842000.0,-0.0,0.23,BUY,35.6,22117.9
02/15/2023 01:56:10,1676444170.0,374132000.0,187328000.0,-0.0,-0.29,BUY,49.93,22117.9
02/15/2023 01:56:26,1676444186.0,375432000.0,184136000.0,0.0,-0.02,BUY,50.95,22117.9
02/15/2023 01:56:45,1676444205.0,378066000.0,120918000.0,0.01,-0.52,BUY,68.02,22117.9
02/15/2023 01:56:46,1676444206.0,377293000.0,126580000.0,-0.0,0.04,BUY,66.45,22117.9
02/15/2023 01:57:00,1676444220.0,348281000.0,157223000.0,-0.08,0.19,BUY,54.86,22117.9
02/15/2023 01:57:11,1676444231.0,208985000.0,275122000.0,-0.67,0.43,SELL,24.04,22111.1
02/15/2023 01:57:34,1676444254.0,242074000.0,293234000.0,0.14,0.06,SELL,17.45,22111.1
02/15/2023 01:57:45,1676444265.0,363929000.0,143751000.0,0.33,-1.04,BUY,60.5,22111.1
02/15/2023 01:57:55,1676444275.0,233540000.0,290049000.0,-0.56,0.5,SELL,19.48,22111.1
02/15/2023 01:58:07,1676444287.0,306070000.0,203230000.0,0.24,-0.43,BUY,33.6,22111.1
02/15/2023 01:58:19,1676444299.0,211919000.0,195485000.0,-0.44,-0.04,BUY,7.75,22112.9
02/15/2023 01:58:42,1676444322.0,199677000.0,194112000.0,-0.06,-0.01,BUY,2.79,22112.9
02/15/2023 01:58:52,1676444332.0,200093000.0,194112000.0,0.0,0.0,BUY,2.99,22112.9
02/15/2023 01:58:53,1676444333.0,200244000.0,172900000.0,0.0,-0.12,BUY,13.66,22112.9
02/15/2023 01:59:06,1676444346.0,199226000.0,173352000.0,-0.01,0.0,BUY,12.99,22112.9
02/15/2023 01:59:16,1676444356.0,225530000.0,190831000.0,0.12,0.09,BUY,15.39,22112.9
02/15/2023 01:59:36,1676444376.0,185758000.0,249025000.0,-0.21,0.23,SELL,25.41,22112.9
02/15/2023 01:59:40,1676444380.0,225593000.0,201357000.0,0.18,-0.24,BUY,10.74,22112.9
02/15/2023 01:59:50,1676444390.0,344389000.0,197247000.0,0.34,-0.02,BUY,42.73,22112.9
02/15/2023 02:00:13,1676444413.0,288023000.0,268916000.0,-0.2,0.27,BUY,6.63,22114.9
02/15/2023 02:00:20,1676444420.0,345888000.0,308886000.0,0.17,0.13,BUY,10.7,22115.0
02/15/2023 02:00:24,1676444424.0,350855000.0,310177000.0,0.01,0.0,BUY,11.59,22115.0
02/15/2023 02:00:47,1676444447.0,316898000.0,274516000.0,-0.11,-0.13,BUY,13.37,22121.1
02/15/2023 02:00:57,1676444457.0,316896000.0,277512000.0,-0.0,0.01,BUY,12.43,22121.1
02/15/2023 02:01:04,1676444464.0,316293000.0,282484000.0,-0.0,0.02,BUY,10.69,22121.1
02/15/2023 02:01:21,1676444481.0,318133000.0,210051000.0,0.01,-0.34,BUY,33.97,22121.1
02/15/2023 02:01:32,1676444492.0,223563000.0,308388000.0,-0.42,0.32,SELL,27.51,22121.0
02/15/2023 02:01:48,1676444508.0,306256000.0,332604000.0,0.27,0.07,SELL,7.92,22121.1
