symbol,datetime,side,price,amount,usd,epoch,buy_amount,sell_amount
BTC/USD:USD,2022-12-05 15:36:03,buy,17082.0,183.0,3124.07,1670254563.0,3124.07,0.0
BTC/USD:USD,2022-12-05 16:02:16,buy,17081.3,100.0,1701.97,1670256136.0,1701.97,0.0
BTC/USD:USD,2022-12-05 16:02:16,buy,17081.3,100.0,1701.97,1670256136.0,1701.97,0.0
BTC/USD:USD,2022-12-05 16:02:35,buy,17079.5,200.0,3403.94,1670256155.0,3403.94,0.0
BTC/USD:USD,2022-12-05 16:02:35,buy,17081.5,75.0,1276.48,1670256155.0,1276.48,0.0
BTC/USD:USD,2022-12-05 16:02:47,buy,17077.0,100.0,1701.97,1670256167.0,1701.97,0.0
BTC/USD:USD,2022-12-05 16:02:47,buy,17077.1,144.0,2450.84,1670256167.0,2450.84,0.0
BTC/USD:USD,2022-12-05 16:03:39,sell,17076.4,253.0,4305.98,1670256219.0,0.0,4305.98
BTC/USD:USD,2022-12-05 16:04:25,sell,17076.4,125.0,2127.46,1670256265.0,0.0,2127.46
BTC/USD:USD,2022-12-05 16:04:32,buy,17076.5,95.0,1616.87,1670256272.0,1616.87,0.0
BTC/USD:USD,2022-12-05 16:05:34,sell,17087.8,190.0,3233.74,1670256334.0,0.0,3233.74
BTC/USD:USD,2022-12-05 16:05:34,sell,17087.7,190.0,3233.74,1670256334.0,0.0,3233.74
BTC/USD:USD,2022-12-05 16:05:34,sell,17087.6,120.0,2042.36,1670256334.0,0.0,2042.36
BTC/USD:USD,2022-12-05 16:05:37,buy,17087.0,168.0,2859.31,1670256337.0,2859.31,0.0
BTC/USD:USD,2022-12-05 16:06:10,sell,17085.2,190.0,3233.74,1670256370.0,0.0,3233.74
BTC/USD:USD,2022-12-05 16:06:10,sell,17085.1,190.0,3233.74,1670256370.0,0.0,3233.74
BTC/USD:USD,2022-12-05 16:06:10,sell,17085.0,200.0,3403.94,1670256370.0,0.0,3403.94
BTC/USD:USD,2022-12-05 16:06:10,sell,17084.8,133.0,2263.62,1670256370.0,0.0,2263.62
BTC/USD:USD,2022-12-05 16:06:12,sell,17085.1,143.0,2433.82,1670256372.0,0.0,2433.82
BTC/USD:USD,2022-12-05 16:07:38,buy,17089.0,111.0,1889.19,1670256458.0,1889.19,0.0
BTC/USD:USD,2022-12-05 16:07:44,sell,17091.0,109.0,1855.15,1670256464.0,0.0,1855.15
BTC/USD:USD,2022-12-05 16:07:45,buy,17091.1,123.0,2093.42,1670256465.0,2093.42,0.0
BTC/USD:USD,2022-12-05 16:07:49,buy,17091.4,154.0,2621.03,1670256469.0,2621.03,0.0
BTC/USD:USD,2022-12-05 16:07:49,buy,17093.1,523.0,8901.3,1670256469.0,8901.3,0.0
BTC/USD:USD,2022-12-05 16:08:19,buy,17094.1,71.0,1208.4,1670256499.0,1208.4,0.0
BTC/USD:USD,2022-12-05 16:08:19,buy,17096.0,129.0,2195.54,1670256499.0,2195.54,0.0
BTC/USD:USD,2022-12-05 16:08:25,sell,17094.4,59.0,1004.16,1670256505.0,0.0,1004.16
BTC/USD:USD,2022-12-05 16:08:58,sell,17095.2,158.0,2689.11,1670256538.0,0.0,2689.11
BTC/USD:USD,2022-12-05 16:08:58,sell,17095.1,142.0,2416.8,1670256538.0,0.0,2416.8
BTC/USD:USD,2022-12-05 16:09:01,sell,17096.6,158.0,2689.11,1670256541.0,0.0,2689.11
BTC/USD:USD,2022-12-05 16:09:12,buy,17099.0,79.0,1344.56,1670256552.0,1344.56,0.0
BTC/USD:USD,2022-12-05 16:09:19,buy,17100.0,356.0,6059.01,1670256559.0,6059.01,0.0
BTC/USD:USD,2022-12-05 16:09:19,buy,17100.0,144.0,2450.84,1670256559.0,2450.84,0.0
BTC/USD:USD,2022-12-05 16:09:19,buy,17101.0,140.0,2382.76,1670256559.0,2382.76,0.0
BTC/USD:USD,2022-12-05 16:09:23,buy,17100.9,1170.0,19913.05,1670256563.0,19913.05,0.0
BTC/USD:USD,2022-12-05 16:09:23,buy,17101.1,1170.0,19913.05,1670256563.0,19913.05,0.0
BTC/USD:USD,2022-12-05 16:09:23,buy,17101.4,1170.0,19913.05,1670256563.0,19913.05,0.0
BTC/USD:USD,2022-12-05 16:09:23,buy,17101.7,600.0,10211.82,1670256563.0,10211.82,0.0
BTC/USD:USD,2022-12-05 16:09:30,sell,17099.4,158.0,2689.11,1670256570.0,0.0,2689.11
BTC/USD:USD,2022-12-05 16:09:30,sell,17099.4,355.0,6041.99,1670256570.0,0.0,6041.99
BTC/USD:USD,2022-12-05 16:09:46,buy,17102.5,198.0,3369.9,1670256586.0,3369.9,0.0
BTC/USD:USD,2022-12-05 16:09:46,buy,17102.9,71.0,1208.4,1670256586.0,1208.4,0.0
BTC/USD:USD,2022-12-05 16:09:46,buy,17103.5,164.0,2791.23,1670256586.0,2791.23,0.0
BTC/USD:USD,2022-12-05 16:09:47,buy,17105.1,66.0,1123.3,1670256587.0,1123.3,0.0
BTC/USD:USD,2022-12-05 16:09:47,buy,17105.1,1104.0,18789.75,1670256587.0,18789.75,0.0
BTC/USD:USD,2022-12-05 16:09:47,buy,17105.2,219.0,3727.31,1670256587.0,3727.31,0.0
BTC/USD:USD,2022-12-05 16:09:47,buy,17106.4,1170.0,19913.05,1670256587.0,19913.05,0.0
BTC/USD:USD,2022-12-05 16:09:47,buy,17107.8,1170.0,19913.05,1670256587.0,19913.05,0.0
BTC/USD:USD,2022-12-05 16:09:47,buy,17108.4,487.0,8288.59,1670256587.0,8288.59,0.0
BTC/USD:USD,2022-12-05 16:09:53,buy,17110.0,249.0,4237.91,1670256593.0,4237.91,0.0
BTC/USD:USD,2022-12-05 16:09:58,buy,17107.5,69.0,1174.36,1670256598.0,1174.36,0.0
BTC/USD:USD,2022-12-05 16:10:00,sell,17104.6,100.0,1701.97,1670256600.0,0.0,1701.97
BTC/USD:USD,2022-12-05 16:10:00,sell,17104.5,484.0,8237.53,1670256600.0,0.0,8237.53
BTC/USD:USD,2022-12-05 16:10:54,sell,17104.4,100.0,1701.97,1670256654.0,0.0,1701.97
BTC/USD:USD,2022-12-05 16:11:02,buy,17105.0,205.0,3489.04,1670256662.0,3489.04,0.0
BTC/USD:USD,2022-12-05 16:11:15,sell,17107.6,100.0,1701.97,1670256675.0,0.0,1701.97
BTC/USD:USD,2022-12-05 16:11:22,buy,17108.3,191.0,3250.76,1670256682.0,3250.76,0.0
BTC/USD:USD,2022-12-05 16:11:37,sell,17110.1,420.0,7148.27,1670256697.0,0.0,7148.27
BTC/USD:USD,2022-12-05 16:11:55,buy,17111.3,71.0,1208.4,1670256715.0,1208.4,0.0
BTC/USD:USD,2022-12-05 16:11:55,buy,17112.5,194.0,3301.82,1670256715.0,3301.82,0.0
BTC/USD:USD,2022-12-05 16:11:56,sell,17110.8,175.0,2978.45,1670256716.0,0.0,2978.45
BTC/USD:USD,2022-12-05 16:12:04,buy,17113.0,89.0,1514.75,1670256724.0,1514.75,0.0
BTC/USD:USD,2022-12-05 16:12:12,buy,17113.0,63.0,1072.24,1670256732.0,1072.24,0.0
BTC/USD:USD,2022-12-05 16:12:12,buy,17113.5,197.0,3352.88,1670256732.0,3352.88,0.0
BTC/USD:USD,2022-12-05 16:12:12,buy,17113.9,73.0,1242.44,1670256732.0,1242.44,0.0
BTC/USD:USD,2022-12-05 16:12:14,sell,17111.3,71.0,1208.4,1670256734.0,0.0,1208.4
BTC/USD:USD,2022-12-05 16:12:15,sell,17111.0,430.0,7318.47,1670256735.0,0.0,7318.47
BTC/USD:USD,2022-12-05 16:12:44,buy,17113.9,69.0,1174.36,1670256764.0,1174.36,0.0
BTC/USD:USD,2022-12-05 16:12:47,buy,17114.0,143.0,2433.82,1670256767.0,2433.82,0.0
BTC/USD:USD,2022-12-05 16:12:48,buy,17114.0,86.0,1463.69,1670256768.0,1463.69,0.0
BTC/USD:USD,2022-12-05 16:13:06,buy,17114.0,717.0,12203.12,1670256786.0,12203.12,0.0
BTC/USD:USD,2022-12-05 16:13:06,buy,17115.0,158.0,2689.11,1670256786.0,2689.11,0.0
BTC/USD:USD,2022-12-05 16:13:06,buy,17117.8,323.0,5497.36,1670256786.0,5497.36,0.0
BTC/USD:USD,2022-12-05 16:13:06,buy,17119.3,158.0,2689.11,1670256786.0,2689.11,0.0
BTC/USD:USD,2022-12-05 16:13:06,buy,17121.9,580.0,9871.43,1670256786.0,9871.43,0.0
BTC/USD:USD,2022-12-05 16:13:06,buy,17122.2,1169.0,19896.03,1670256786.0,19896.03,0.0
BTC/USD:USD,2022-12-05 16:13:06,buy,17122.7,1169.0,19896.03,1670256786.0,19896.03,0.0
BTC/USD:USD,2022-12-05 16:13:06,buy,17123.2,1169.0,19896.03,1670256786.0,19896.03,0.0
BTC/USD:USD,2022-12-05 16:13:06,buy,17124.7,332.0,5650.54,1670256786.0,5650.54,0.0
BTC/USD:USD,2022-12-05 16:13:06,buy,17124.7,158.0,2689.11,1670256786.0,2689.11,0.0
BTC/USD:USD,2022-12-05 16:13:07,sell,17117.0,200.0,3403.94,1670256787.0,0.0,3403.94
BTC/USD:USD,2022-12-05 16:13:10,buy,17121.9,75.0,1276.48,1670256790.0,1276.48,0.0
BTC/USD:USD,2022-12-05 16:13:13,sell,17118.0,200.0,3403.94,1670256793.0,0.0,3403.94
BTC/USD:USD,2022-12-05 16:13:27,sell,17118.4,420.0,7148.27,1670256807.0,0.0,7148.27
BTC/USD:USD,2022-12-05 16:13:38,sell,17118.2,100.0,1701.97,1670256818.0,0.0,1701.97
BTC/USD:USD,2022-12-05 16:13:38,sell,17118.1,265.0,4510.22,1670256818.0,0.0,4510.22
BTC/USD:USD,2022-12-05 16:14:05,sell,17108.5,67.0,1140.32,1670256845.0,0.0,1140.32
BTC/USD:USD,2022-12-05 16:14:06,buy,17114.9,68.0,1157.34,1670256846.0,1157.34,0.0
BTC/USD:USD,2022-12-05 16:14:21,sell,17111.5,200.0,3403.94,1670256861.0,0.0,3403.94
BTC/USD:USD,2022-12-05 16:14:25,sell,17110.5,233.0,3965.59,1670256865.0,0.0,3965.59
BTC/USD:USD,2022-12-05 16:14:26,buy,17115.5,100.0,1701.97,1670256866.0,1701.97,0.0
BTC/USD:USD,2022-12-05 16:14:48,buy,17119.6,323.0,5497.36,1670256888.0,5497.36,0.0
BTC/USD:USD,2022-12-05 16:14:48,buy,17120.3,970.0,16509.11,1670256888.0,16509.11,0.0
BTC/USD:USD,2022-12-05 16:14:48,sell,17112.5,400.0,6807.88,1670256888.0,0.0,6807.88
BTC/USD:USD,2022-12-05 16:14:49,sell,17110.6,380.0,6467.49,1670256889.0,0.0,6467.49
BTC/USD:USD,2022-12-05 16:14:52,buy,17113.0,87.0,1480.71,1670256892.0,1480.71,0.0
BTC/USD:USD,2022-12-05 16:15:14,sell,17110.8,400.0,6807.88,1670256914.0,0.0,6807.88
BTC/USD:USD,2022-12-05 16:15:14,sell,17110.8,540.0,9190.64,1670256914.0,0.0,9190.64
BTC/USD:USD,2022-12-05 16:15:25,buy,17115.0,200.0,3403.94,1670256925.0,3403.94,0.0
BTC/USD:USD,2022-12-05 16:15:27,sell,17110.2,491.0,8356.67,1670256927.0,0.0,8356.67
BTC/USD:USD,2022-12-05 16:15:29,sell,17109.7,500.0,8509.85,1670256929.0,0.0,8509.85
BTC/USD:USD,2022-12-05 16:15:30,sell,17111.5,561.0,9548.05,1670256930.0,0.0,9548.05
BTC/USD:USD,2022-12-05 16:15:31,sell,17112.0,400.0,6807.88,1670256931.0,0.0,6807.88
BTC/USD:USD,2022-12-05 16:15:36,buy,17112.2,96.0,1633.89,1670256936.0,1633.89,0.0
BTC/USD:USD,2022-12-05 16:15:48,sell,17108.9,96.0,1633.89,1670256948.0,0.0,1633.89
BTC/USD:USD,2022-12-05 16:15:49,sell,17107.9,540.0,9190.64,1670256949.0,0.0,9190.64
BTC/USD:USD,2022-12-05 16:15:54,sell,17108.1,383.0,6518.55,1670256954.0,0.0,6518.55
BTC/USD:USD,2022-12-05 16:16:10,sell,17104.9,490.0,8339.65,1670256970.0,0.0,8339.65
BTC/USD:USD,2022-12-05 16:16:28,buy,17110.0,175.0,2978.45,1670256988.0,2978.45,0.0
BTC/USD:USD,2022-12-05 16:16:28,buy,17112.3,158.0,2689.11,1670256988.0,2689.11,0.0
BTC/USD:USD,2022-12-05 16:16:28,buy,17112.4,467.0,7948.2,1670256988.0,7948.2,0.0
BTC/USD:USD,2022-12-05 16:16:30,sell,17103.5,578.0,9837.39,1670256990.0,0.0,9837.39
BTC/USD:USD,2022-12-05 16:16:34,sell,17103.8,572.0,9735.27,1670256994.0,0.0,9735.27
BTC/USD:USD,2022-12-05 16:16:49,sell,17094.5,263.0,4476.18,1670257009.0,0.0,4476.18
BTC/USD:USD,2022-12-05 16:16:51,sell,17095.6,277.0,4714.46,1670257011.0,0.0,4714.46
BTC/USD:USD,2022-12-05 16:17:11,sell,17096.4,277.0,4714.46,1670257031.0,0.0,4714.46
BTC/USD:USD,2022-12-05 16:17:11,sell,17096.4,317.0,5395.24,1670257031.0,0.0,5395.24
BTC/USD:USD,2022-12-05 16:17:17,sell,17085.8,248.0,4220.89,1670257037.0,0.0,4220.89
BTC/USD:USD,2022-12-05 16:17:17,sell,17085.7,185.0,3148.64,1670257037.0,0.0,3148.64
BTC/USD:USD,2022-12-05 16:17:31,sell,17091.8,390.0,6637.68,1670257051.0,0.0,6637.68
BTC/USD:USD,2022-12-05 16:17:51,sell,17086.6,360.0,6127.09,1670257071.0,0.0,6127.09
BTC/USD:USD,2022-12-05 16:18:11,sell,17083.7,534.0,9088.52,1670257091.0,0.0,9088.52
BTC/USD:USD,2022-12-05 16:18:32,sell,17086.3,383.0,6518.55,1670257112.0,0.0,6518.55
BTC/USD:USD,2022-12-05 16:19:00,sell,17083.2,76.0,1293.5,1670257140.0,0.0,1293.5
BTC/USD:USD,2022-12-05 16:19:08,sell,17080.2,400.0,6807.88,1670257148.0,0.0,6807.88
BTC/USD:USD,2022-12-05 16:19:42,sell,17080.1,450.0,7658.86,1670257182.0,0.0,7658.86
BTC/USD:USD,2022-12-05 16:19:42,sell,17078.4,66.0,1123.3,1670257182.0,0.0,1123.3
BTC/USD:USD,2022-12-05 16:19:46,sell,17077.9,59.0,1004.16,1670257186.0,0.0,1004.16
BTC/USD:USD,2022-12-05 16:19:47,sell,17076.6,249.0,4237.91,1670257187.0,0.0,4237.91
BTC/USD:USD,2022-12-05 16:20:00,sell,17074.4,460.0,7829.06,1670257200.0,0.0,7829.06
BTC/USD:USD,2022-12-05 16:20:24,sell,17073.8,400.0,6807.88,1670257224.0,0.0,6807.88
BTC/USD:USD,2022-12-05 16:20:30,sell,17075.2,64.0,1089.26,1670257230.0,0.0,1089.26
BTC/USD:USD,2022-12-05 16:20:36,buy,17073.2,520.0,8850.24,1670257236.0,8850.24,0.0
BTC/USD:USD,2022-12-05 16:20:46,sell,17070.0,250.0,4254.92,1670257246.0,0.0,4254.92
BTC/USD:USD,2022-12-05 16:20:53,sell,17064.2,289.0,4918.69,1670257253.0,0.0,4918.69
BTC/USD:USD,2022-12-05 16:21:17,sell,17062.6,112.0,1906.21,1670257277.0,0.0,1906.21
BTC/USD:USD,2022-12-05 16:21:34,sell,17061.7,248.0,4220.89,1670257294.0,0.0,4220.89
BTC/USD:USD,2022-12-05 16:21:34,sell,17061.6,1171.0,19930.07,1670257294.0,0.0,19930.07
BTC/USD:USD,2022-12-05 16:21:34,sell,17060.8,248.0,4220.89,1670257294.0,0.0,4220.89
BTC/USD:USD,2022-12-05 16:21:34,sell,17060.7,98.0,1667.93,1670257294.0,0.0,1667.93
BTC/USD:USD,2022-12-05 16:21:35,sell,17062.0,176.0,2995.47,1670257295.0,0.0,2995.47
BTC/USD:USD,2022-12-05 16:21:55,sell,17060.0,250.0,4254.92,1670257315.0,0.0,4254.92
BTC/USD:USD,2022-12-05 16:21:55,sell,17055.9,100.0,1701.97,1670257315.0,0.0,1701.97
BTC/USD:USD,2022-12-05 16:21:56,sell,17055.9,76.0,1293.5,1670257316.0,0.0,1293.5
BTC/USD:USD,2022-12-05 16:22:06,sell,17053.1,69.0,1174.36,1670257326.0,0.0,1174.36
BTC/USD:USD,2022-12-05 16:22:09,sell,17050.0,305.0,5191.01,1670257329.0,0.0,5191.01
BTC/USD:USD,2022-12-05 16:22:12,sell,17052.9,82.0,1395.62,1670257332.0,0.0,1395.62
BTC/USD:USD,2022-12-05 16:22:14,buy,17055.3,100.0,1701.97,1670257334.0,1701.97,0.0
BTC/USD:USD,2022-12-05 16:22:19,sell,17050.0,134.0,2280.64,1670257339.0,0.0,2280.64
BTC/USD:USD,2022-12-05 16:22:23,sell,17047.6,73.0,1242.44,1670257343.0,0.0,1242.44
BTC/USD:USD,2022-12-05 16:22:26,sell,17046.1,89.0,1514.75,1670257346.0,0.0,1514.75
BTC/USD:USD,2022-12-05 16:22:36,sell,17049.3,165.0,2808.25,1670257356.0,0.0,2808.25
BTC/USD:USD,2022-12-05 16:22:39,sell,17047.1,113.0,1923.23,1670257359.0,0.0,1923.23
BTC/USD:USD,2022-12-05 16:22:42,sell,17046.7,124.0,2110.44,1670257362.0,0.0,2110.44
BTC/USD:USD,2022-12-05 16:22:46,sell,17045.0,248.0,4220.89,1670257366.0,0.0,4220.89
BTC/USD:USD,2022-12-05 16:22:48,sell,17042.0,137.0,2331.7,1670257368.0,0.0,2331.7
BTC/USD:USD,2022-12-05 16:22:48,sell,17040.3,100.0,1701.97,1670257368.0,0.0,1701.97
BTC/USD:USD,2022-12-05 16:22:48,sell,17040.2,736.0,12526.5,1670257368.0,0.0,12526.5
BTC/USD:USD,2022-12-05 16:22:48,sell,17032.7,1671.0,28439.92,1670257368.0,0.0,28439.92
BTC/USD:USD,2022-12-05 16:22:48,sell,17032.3,411.0,6995.1,1670257368.0,0.0,6995.1
BTC/USD:USD,2022-12-05 16:22:48,sell,17031.9,158.0,2689.11,1670257368.0,0.0,2689.11
BTC/USD:USD,2022-12-05 16:22:48,sell,17031.2,411.0,6995.1,1670257368.0,0.0,6995.1
BTC/USD:USD,2022-12-05 16:22:48,sell,17030.4,455.0,7743.96,1670257368.0,0.0,7743.96
BTC/USD:USD,2022-12-05 16:22:48,sell,17030.4,148.0,2518.92,1670257368.0,0.0,2518.92
BTC/USD:USD,2022-12-05 16:22:52,buy,17039.5,200.0,3403.94,1670257372.0,3403.94,0.0
BTC/USD:USD,2022-12-05 16:22:52,buy,17039.6,100.0,1701.97,1670257372.0,1701.97,0.0
BTC/USD:USD,2022-12-05 16:22:56,sell,17041.7,154.0,2621.03,1670257376.0,0.0,2621.03
BTC/USD:USD,2022-12-05 16:23:06,buy,17046.0,157.0,2672.09,1670257386.0,2672.09,0.0
BTC/USD:USD,2022-12-05 16:23:07,buy,17047.5,61.0,1038.2,1670257387.0,1038.2,0.0
BTC/USD:USD,2022-12-05 16:23:09,buy,17047.5,111.0,1889.19,1670257389.0,1889.19,0.0
BTC/USD:USD,2022-12-05 16:23:09,buy,17048.0,73.0,1242.44,1670257389.0,1242.44,0.0
BTC/USD:USD,2022-12-05 16:23:43,buy,17056.9,395.0,6722.78,1670257423.0,6722.78,0.0
BTC/USD:USD,2022-12-05 16:23:46,buy,17057.5,150.0,2552.96,1670257426.0,2552.96,0.0
BTC/USD:USD,2022-12-05 16:23:46,buy,17057.7,102.0,1736.01,1670257426.0,1736.01,0.0
BTC/USD:USD,2022-12-05 16:23:49,buy,17062.8,242.0,4118.77,1670257429.0,4118.77,0.0
BTC/USD:USD,2022-12-05 16:24:30,sell,17055.4,248.0,4220.89,1670257470.0,0.0,4220.89
BTC/USD:USD,2022-12-05 16:24:30,sell,17055.3,155.0,2638.05,1670257470.0,0.0,2638.05
BTC/USD:USD,2022-12-05 16:24:38,sell,17052.0,248.0,4220.89,1670257478.0,0.0,4220.89
BTC/USD:USD,2022-12-05 16:24:38,sell,17052.0,200.0,3403.94,1670257478.0,0.0,3403.94
BTC/USD:USD,2022-12-05 16:24:38,sell,17051.9,147.0,2501.9,1670257478.0,0.0,2501.9
BTC/USD:USD,2022-12-05 16:24:47,sell,17046.8,363.0,6178.15,1670257487.0,0.0,6178.15
BTC/USD:USD,2022-12-05 16:24:48,sell,17046.8,108.0,1838.13,1670257488.0,0.0,1838.13
BTC/USD:USD,2022-12-05 16:24:48,sell,17045.5,200.0,3403.94,1670257488.0,0.0,3403.94
BTC/USD:USD,2022-12-05 16:24:48,sell,17045.0,501.0,8526.87,1670257488.0,0.0,8526.87
BTC/USD:USD,2022-12-05 16:24:50,buy,17045.1,105.0,1787.07,1670257490.0,1787.07,0.0
BTC/USD:USD,2022-12-05 16:24:50,sell,17045.0,447.0,7607.81,1670257490.0,0.0,7607.81
BTC/USD:USD,2022-12-05 16:24:50,sell,17041.2,112.0,1906.21,1670257490.0,0.0,1906.21
BTC/USD:USD,2022-12-05 16:25:15,sell,17037.4,75.0,1276.48,1670257515.0,0.0,1276.48
BTC/USD:USD,2022-12-05 16:25:18,buy,17038.0,105.0,1787.07,1670257518.0,1787.07,0.0
BTC/USD:USD,2022-12-05 16:25:19,sell,17030.5,200.0,3403.94,1670257519.0,0.0,3403.94
BTC/USD:USD,2022-12-05 16:25:19,sell,17030.4,204.0,3472.02,1670257519.0,0.0,3472.02
BTC/USD:USD,2022-12-05 16:25:19,sell,17030.3,248.0,4220.89,1670257519.0,0.0,4220.89
BTC/USD:USD,2022-12-05 16:25:19,sell,17030.0,66.0,1123.3,1670257519.0,0.0,1123.3
BTC/USD:USD,2022-12-05 16:25:19,sell,17025.0,154.0,2621.03,1670257519.0,0.0,2621.03
BTC/USD:USD,2022-12-05 16:25:19,sell,17023.1,735.0,12509.48,1670257519.0,0.0,12509.48
BTC/USD:USD,2022-12-05 16:25:19,sell,17023.0,1526.0,25972.06,1670257519.0,0.0,25972.06
BTC/USD:USD,2022-12-05 16:25:19,sell,17027.4,183.0,3114.61,1670257519.0,0.0,3114.61
BTC/USD:USD,2022-12-05 16:25:21,sell,17023.0,491.0,8356.67,1670257521.0,0.0,8356.67
BTC/USD:USD,2022-12-05 16:25:21,sell,17023.0,120.0,2042.36,1670257521.0,0.0,2042.36
BTC/USD:USD,2022-12-05 16:25:22,sell,17023.8,131.0,2229.58,1670257522.0,0.0,2229.58
BTC/USD:USD,2022-12-05 16:25:22,sell,17023.8,375.0,6382.39,1670257522.0,0.0,6382.39
BTC/USD:USD,2022-12-05 16:25:25,sell,17023.0,379.0,6450.47,1670257525.0,0.0,6450.47
BTC/USD:USD,2022-12-05 16:25:25,sell,17023.0,86.0,1463.69,1670257525.0,0.0,1463.69
BTC/USD:USD,2022-12-05 16:25:25,sell,17023.0,81.0,1378.6,1670257525.0,0.0,1378.6
BTC/USD:USD,2022-12-05 16:25:25,sell,17023.0,203.0,3455.0,1670257525.0,0.0,3455.0
BTC/USD:USD,2022-12-05 16:25:25,sell,17019.1,100.0,1701.97,1670257525.0,0.0,1701.97
BTC/USD:USD,2022-12-05 16:25:25,sell,17017.0,100.0,1701.97,1670257525.0,0.0,1701.97
BTC/USD:USD,2022-12-05 16:25:25,sell,17013.0,71.0,1208.4,1670257525.0,0.0,1208.4
BTC/USD:USD,2022-12-05 16:25:25,sell,17012.1,158.0,2689.11,1670257525.0,0.0,2689.11
BTC/USD:USD,2022-12-05 16:25:25,sell,17010.2,213.0,3625.2,1670257525.0,0.0,3625.2
BTC/USD:USD,2022-12-05 16:25:25,sell,17010.2,193.0,3284.8,1670257525.0,0.0,3284.8
BTC/USD:USD,2022-12-05 16:25:25,sell,17009.1,463.0,7880.12,1670257525.0,0.0,7880.12
BTC/USD:USD,2022-12-05 16:25:25,sell,17009.1,120.0,2042.36,1670257525.0,0.0,2042.36
BTC/USD:USD,2022-12-05 16:25:25,sell,17009.1,590.0,10041.62,1670257525.0,0.0,10041.62
BTC/USD:USD,2022-12-05 16:25:25,sell,17008.0,546.0,9292.76,1670257525.0,0.0,9292.76
BTC/USD:USD,2022-12-05 16:25:25,buy,17023.1,100.0,1701.97,1670257525.0,1701.97,0.0
BTC/USD:USD,2022-12-05 16:25:25,sell,17008.0,86.0,1463.69,1670257525.0,0.0,1463.69
BTC/USD:USD,2022-12-05 16:25:26,sell,17008.0,163.0,2774.21,1670257526.0,0.0,2774.21
BTC/USD:USD,2022-12-05 16:25:26,sell,17008.0,74.0,1259.46,1670257526.0,0.0,1259.46
BTC/USD:USD,2022-12-05 16:25:26,sell,17007.9,63.0,1072.24,1670257526.0,0.0,1072.24
BTC/USD:USD,2022-12-05 16:25:26,sell,17003.0,1349.0,22959.58,1670257526.0,0.0,22959.58
BTC/USD:USD,2022-12-05 16:25:26,sell,17001.2,313.0,5327.17,1670257526.0,0.0,5327.17
BTC/USD:USD,2022-12-05 16:25:26,sell,17001.0,168.0,2859.31,1670257526.0,0.0,2859.31
BTC/USD:USD,2022-12-05 16:25:26,sell,17008.1,173.0,2944.41,1670257526.0,0.0,2944.41
BTC/USD:USD,2022-12-05 16:25:27,sell,17001.3,100.0,1701.97,1670257527.0,0.0,1701.97
BTC/USD:USD,2022-12-05 16:25:27,sell,17001.0,163.0,2774.21,1670257527.0,0.0,2774.21
BTC/USD:USD,2022-12-05 16:25:27,sell,17000.0,722.0,12288.22,1670257527.0,0.0,12288.22
BTC/USD:USD,2022-12-05 16:25:27,sell,17000.0,301.0,5122.93,1670257527.0,0.0,5122.93
BTC/USD:USD,2022-12-05 16:25:27,sell,17003.5,163.0,2774.21,1670257527.0,0.0,2774.21
BTC/USD:USD,2022-12-05 16:25:27,sell,17003.5,828.0,14092.31,1670257527.0,0.0,14092.31
BTC/USD:USD,2022-12-05 16:25:27,sell,17003.5,259.0,4408.1,1670257527.0,0.0,4408.1
BTC/USD:USD,2022-12-05 16:25:27,sell,17000.0,192.0,3267.78,1670257527.0,0.0,3267.78
BTC/USD:USD,2022-12-05 16:25:27,buy,17004.5,203.0,3455.0,1670257527.0,3455.0,0.0
BTC/USD:USD,2022-12-05 16:25:27,sell,17000.0,135.0,2297.66,1670257527.0,0.0,2297.66
BTC/USD:USD,2022-12-05 16:25:27,sell,17000.0,661.0,11250.02,1670257527.0,0.0,11250.02
BTC/USD:USD,2022-12-05 16:25:27,sell,17000.0,148.0,2518.92,1670257527.0,0.0,2518.92
BTC/USD:USD,2022-12-05 16:25:27,sell,17000.0,186.0,3165.66,1670257527.0,0.0,3165.66
BTC/USD:USD,2022-12-05 16:25:27,sell,17000.0,350.0,5956.9,1670257527.0,0.0,5956.9
BTC/USD:USD,2022-12-05 16:25:27,sell,17000.0,59.0,1004.16,1670257527.0,0.0,1004.16
BTC/USD:USD,2022-12-05 16:25:27,sell,17000.0,2213.0,37664.6,1670257527.0,0.0,37664.6
BTC/USD:USD,2022-12-05 16:25:27,sell,17000.0,73.0,1242.44,1670257527.0,0.0,1242.44
BTC/USD:USD,2022-12-05 16:25:27,sell,16991.0,2376.0,40438.81,1670257527.0,0.0,40438.81
BTC/USD:USD,2022-12-05 16:25:27,sell,16991.0,138.0,2348.72,1670257527.0,0.0,2348.72
BTC/USD:USD,2022-12-05 16:25:27,sell,16991.0,191.0,3250.76,1670257527.0,0.0,3250.76
BTC/USD:USD,2022-12-05 16:25:27,sell,16991.0,621.0,10569.23,1670257527.0,0.0,10569.23
BTC/USD:USD,2022-12-05 16:25:27,sell,16991.0,212.0,3608.18,1670257527.0,0.0,3608.18
BTC/USD:USD,2022-12-05 16:25:27,buy,17004.5,828.0,14092.31,1670257527.0,14092.31,0.0
BTC/USD:USD,2022-12-05 16:25:28,sell,16991.0,177.0,3012.49,1670257528.0,0.0,3012.49
BTC/USD:USD,2022-12-05 16:25:28,sell,16991.0,272.0,4629.36,1670257528.0,0.0,4629.36
BTC/USD:USD,2022-12-05 16:25:28,sell,16990.0,102.0,1736.01,1670257528.0,0.0,1736.01
BTC/USD:USD,2022-12-05 16:25:28,sell,16980.0,62.0,1055.22,1670257528.0,0.0,1055.22
BTC/USD:USD,2022-12-05 16:25:28,buy,16991.1,83.0,1412.64,1670257528.0,1412.64,0.0
BTC/USD:USD,2022-12-05 16:25:28,sell,16980.0,197.0,3352.88,1670257528.0,0.0,3352.88
BTC/USD:USD,2022-12-05 16:25:28,buy,16991.1,101.0,1718.99,1670257528.0,1718.99,0.0
BTC/USD:USD,2022-12-05 16:25:28,sell,16991.1,310.0,5276.11,1670257528.0,0.0,5276.11
BTC/USD:USD,2022-12-05 16:25:28,sell,16991.1,200.0,3403.94,1670257528.0,0.0,3403.94
BTC/USD:USD,2022-12-05 16:25:29,sell,16993.5,318.0,5412.26,1670257529.0,0.0,5412.26
BTC/USD:USD,2022-12-05 16:25:30,sell,16999.9,590.0,10041.62,1670257530.0,0.0,10041.62
BTC/USD:USD,2022-12-05 16:25:30,buy,17007.2,100.0,1701.97,1670257530.0,1701.97,0.0
BTC/USD:USD,2022-12-05 16:25:31,sell,17011.2,389.0,6620.66,1670257531.0,0.0,6620.66
BTC/USD:USD,2022-12-05 16:25:33,buy,17014.1,100.0,1701.97,1670257533.0,1701.97,0.0
BTC/USD:USD,2022-12-05 16:25:37,sell,17018.6,100.0,1701.97,1670257537.0,0.0,1701.97
BTC/USD:USD,2022-12-05 16:25:47,sell,17031.7,76.0,1293.5,1670257547.0,0.0,1293.5
BTC/USD:USD,2022-12-05 16:25:53,buy,17041.0,200.0,3403.94,1670257553.0,3403.94,0.0
BTC/USD:USD,2022-12-05 16:25:53,buy,17041.5,381.0,6484.51,1670257553.0,6484.51,0.0
BTC/USD:USD,2022-12-05 16:25:55,buy,17046.8,175.0,2978.45,1670257555.0,2978.45,0.0
BTC/USD:USD,2022-12-05 16:25:56,sell,17045.4,160.0,2723.15,1670257556.0,0.0,2723.15
BTC/USD:USD,2022-12-05 16:26:00,buy,17047.0,200.0,3403.94,1670257560.0,3403.94,0.0
BTC/USD:USD,2022-12-05 16:26:03,buy,17046.9,389.0,6620.66,1670257563.0,6620.66,0.0
BTC/USD:USD,2022-12-05 16:26:03,sell,17041.8,88.0,1497.73,1670257563.0,0.0,1497.73
BTC/USD:USD,2022-12-05 16:26:04,buy,17048.1,81.0,1378.6,1670257564.0,1378.6,0.0
BTC/USD:USD,2022-12-05 16:26:06,buy,17051.5,80.0,1361.58,1670257566.0,1361.58,0.0
BTC/USD:USD,2022-12-05 16:26:07,sell,17046.3,168.0,2859.31,1670257567.0,0.0,2859.31
BTC/USD:USD,2022-12-05 16:26:07,sell,17046.0,586.0,9973.54,1670257567.0,0.0,9973.54
BTC/USD:USD,2022-12-05 16:26:07,sell,17045.8,100.0,1701.97,1670257567.0,0.0,1701.97
BTC/USD:USD,2022-12-05 16:26:07,sell,17043.7,100.0,1701.97,1670257567.0,0.0,1701.97
BTC/USD:USD,2022-12-05 16:26:07,sell,17043.6,66.0,1123.3,1670257567.0,0.0,1123.3
BTC/USD:USD,2022-12-05 16:26:08,sell,17048.7,175.0,2978.45,1670257568.0,0.0,2978.45
BTC/USD:USD,2022-12-05 16:26:12,buy,17058.8,394.0,6705.76,1670257572.0,6705.76,0.0
BTC/USD:USD,2022-12-05 16:26:27,buy,17060.0,116.0,1974.29,1670257587.0,1974.29,0.0
BTC/USD:USD,2022-12-05 16:26:27,buy,17062.9,86.0,1463.69,1670257587.0,1463.69,0.0
BTC/USD:USD,2022-12-05 16:26:33,buy,17064.7,100.0,1701.97,1670257593.0,1701.97,0.0
BTC/USD:USD,2022-12-05 16:26:33,buy,17066.9,100.0,1701.97,1670257593.0,1701.97,0.0
BTC/USD:USD,2022-12-05 16:26:33,buy,17069.4,169.0,2876.33,1670257593.0,2876.33,0.0
BTC/USD:USD,2022-12-05 16:26:33,buy,17066.2,120.0,2042.36,1670257593.0,2042.36,0.0
BTC/USD:USD,2022-12-05 16:26:36,buy,17064.8,878.0,14943.3,1670257596.0,14943.3,0.0
BTC/USD:USD,2022-12-05 16:26:37,buy,17064.7,340.0,5786.7,1670257597.0,5786.7,0.0
BTC/USD:USD,2022-12-05 16:26:47,buy,17065.4,80.0,1361.58,1670257607.0,1361.58,0.0
BTC/USD:USD,2022-12-05 16:26:47,buy,17065.5,247.0,4203.87,1670257607.0,4203.87,0.0
BTC/USD:USD,2022-12-05 16:26:50,sell,17064.0,196.0,3335.86,1670257610.0,0.0,3335.86
BTC/USD:USD,2022-12-05 16:26:58,sell,17065.5,151.0,2569.97,1670257618.0,0.0,2569.97
BTC/USD:USD,2022-12-05 16:26:59,sell,17061.7,531.0,9037.46,1670257619.0,0.0,9037.46
BTC/USD:USD,2022-12-05 16:27:04,sell,17061.6,105.0,1787.07,1670257624.0,0.0,1787.07
BTC/USD:USD,2022-12-05 16:27:08,sell,17048.5,284.0,4833.59,1670257628.0,0.0,4833.59
BTC/USD:USD,2022-12-05 16:27:37,sell,17056.0,200.0,3403.94,1670257657.0,0.0,3403.94
BTC/USD:USD,2022-12-05 16:27:40,buy,17064.5,200.0,3403.94,1670257660.0,3403.94,0.0
BTC/USD:USD,2023-02-15 13:30:02,buy,22728.0,100.0,2267.99,1676467802.0,2267.99,0.0
BTC/USD:USD,2023-02-15 13:30:02,buy,22728.1,296.0,6713.25,1676467802.0,6713.25,0.0
BTC/USD:USD,2023-02-15 13:30:03,buy,22728.1,104.0,2358.71,1676467803.0,2358.71,0.0
BTC/USD:USD,2023-02-15 13:30:03,buy,22730.2,500.0,11339.95,1676467803.0,11339.95,0.0
BTC/USD:USD,2023-02-15 13:30:03,buy,22730.3,432.0,9797.72,1676467803.0,9797.72,0.0
BTC/USD:USD,2023-02-15 13:30:03,buy,22730.3,1168.0,26490.12,1676467803.0,26490.12,0.0
BTC/USD:USD,2023-02-15 13:30:03,buy,22730.3,1334.0,30254.99,1676467803.0,30254.99,0.0
BTC/USD:USD,2023-02-15 13:30:03,buy,22730.2,264.0,5987.49,1676467803.0,5987.49,0.0
BTC/USD:USD,2023-02-15 13:30:03,buy,22730.2,100.0,2267.99,1676467803.0,2267.99,0.0
BTC/USD:USD,2023-02-15 13:30:03,buy,22730.2,56.0,1270.07,1676467803.0,1270.07,0.0
BTC/USD:USD,2023-02-15 13:30:03,buy,22730.2,400.0,9071.96,1676467803.0,9071.96,0.0
BTC/USD:USD,2023-02-15 13:30:03,sell,22730.1,50.0,1133.99,1676467803.0,0.0,1133.99
BTC/USD:USD,2023-02-15 13:30:03,sell,22730.1,54.0,1224.71,1676467803.0,0.0,1224.71
BTC/USD:USD,2023-02-15 13:30:03,sell,22733.5,593.0,13449.18,1676467803.0,0.0,13449.18
BTC/USD:USD,2023-02-15 13:30:03,sell,22733.4,60.0,1360.79,1676467803.0,0.0,1360.79
BTC/USD:USD,2023-02-15 13:30:05,sell,22731.0,329.0,7461.69,1676467805.0,0.0,7461.69
BTC/USD:USD,2023-02-15 13:30:05,sell,22730.1,59.0,1338.11,1676467805.0,0.0,1338.11
BTC/USD:USD,2023-02-15 13:30:05,sell,22728.3,200.0,4535.98,1676467805.0,0.0,4535.98
BTC/USD:USD,2023-02-15 13:30:05,sell,22728.1,593.0,13449.18,1676467805.0,0.0,13449.18
BTC/USD:USD,2023-02-15 13:30:05,sell,22725.0,200.0,4535.98,1676467805.0,0.0,4535.98
BTC/USD:USD,2023-02-15 13:30:05,sell,22724.9,444.0,10069.88,1676467805.0,0.0,10069.88
BTC/USD:USD,2023-02-15 13:30:05,sell,22724.8,132.0,2993.75,1676467805.0,0.0,2993.75
BTC/USD:USD,2023-02-15 13:30:07,buy,22700.9,217.0,4921.54,1676467807.0,4921.54,0.0
BTC/USD:USD,2023-02-15 13:30:08,buy,22703.5,129.0,2925.71,1676467808.0,2925.71,0.0
BTC/USD:USD,2023-02-15 13:30:08,buy,22702.7,147.0,3333.95,1676467808.0,3333.95,0.0
BTC/USD:USD,2023-02-15 13:30:08,buy,22702.7,1151.0,26104.56,1676467808.0,26104.56,0.0
BTC/USD:USD,2023-02-15 13:30:08,sell,22702.7,182.0,4127.74,1676467808.0,0.0,4127.74
BTC/USD:USD,2023-02-15 13:30:10,buy,22703.3,50.0,1133.99,1676467810.0,1133.99,0.0
BTC/USD:USD,2023-02-15 13:30:13,sell,22703.7,50.0,1133.99,1676467813.0,0.0,1133.99
BTC/USD:USD,2023-02-15 13:30:13,sell,22703.7,500.0,11339.95,1676467813.0,0.0,11339.95
BTC/USD:USD,2023-02-15 13:30:13,sell,22694.9,691.0,15671.81,1676467813.0,0.0,15671.81
BTC/USD:USD,2023-02-15 13:30:13,sell,22690.0,77.0,1746.35,1676467813.0,0.0,1746.35
BTC/USD:USD,2023-02-15 13:30:14,sell,22704.6,330.0,7484.37,1676467814.0,0.0,7484.37
BTC/USD:USD,2023-02-15 13:30:14,sell,22703.2,593.0,13449.18,1676467814.0,0.0,13449.18
BTC/USD:USD,2023-02-15 13:30:16,sell,22685.0,50.0,1133.99,1676467816.0,0.0,1133.99
BTC/USD:USD,2023-02-15 13:30:16,sell,22674.1,165.0,3742.18,1676467816.0,0.0,3742.18
BTC/USD:USD,2023-02-15 13:30:18,sell,22676.1,100.0,2267.99,1676467818.0,0.0,2267.99
BTC/USD:USD,2023-02-15 13:30:18,sell,22668.0,164.0,3719.5,1676467818.0,0.0,3719.5
BTC/USD:USD,2023-02-15 13:30:19,sell,22671.4,59.0,1338.11,1676467819.0,0.0,1338.11
BTC/USD:USD,2023-02-15 13:30:19,sell,22671.4,532.0,12065.71,1676467819.0,0.0,12065.71
BTC/USD:USD,2023-02-15 13:30:19,buy,22675.7,50.0,1133.99,1676467819.0,1133.99,0.0
BTC/USD:USD,2023-02-15 13:30:19,buy,22675.7,147.0,3333.95,1676467819.0,3333.95,0.0
BTC/USD:USD,2023-02-15 13:30:20,sell,22689.2,115.0,2608.19,1676467820.0,0.0,2608.19
BTC/USD:USD,2023-02-15 13:30:34,sell,22681.1,940.0,21319.11,1676467834.0,0.0,21319.11
BTC/USD:USD,2023-02-15 13:30:34,sell,22677.5,131.0,2971.07,1676467834.0,0.0,2971.07
BTC/USD:USD,2023-02-15 13:30:34,sell,22677.3,461.0,10455.43,1676467834.0,0.0,10455.43
BTC/USD:USD,2023-02-15 13:30:37,sell,22686.8,7003.0,158827.34,1676467837.0,0.0,158827.34
BTC/USD:USD,2023-02-15 13:30:41,buy,22710.8,68.0,1542.23,1676467841.0,1542.23,0.0
BTC/USD:USD,2023-02-15 13:30:43,sell,22716.9,147.0,3333.95,1676467843.0,0.0,3333.95
BTC/USD:USD,2023-02-15 13:30:43,sell,22716.8,131.0,2971.07,1676467843.0,0.0,2971.07
BTC/USD:USD,2023-02-15 13:30:57,sell,22716.0,908.0,20593.35,1676467857.0,0.0,20593.35
BTC/USD:USD,2023-02-15 13:30:57,sell,22716.0,189.0,4286.5,1676467857.0,0.0,4286.5
BTC/USD:USD,2023-02-15 13:30:57,sell,22715.6,721.0,16352.21,1676467857.0,0.0,16352.21
BTC/USD:USD,2023-02-15 13:30:57,sell,22715.6,189.0,4286.5,1676467857.0,0.0,4286.5
BTC/USD:USD,2023-02-15 13:30:57,sell,22715.4,593.0,13449.18,1676467857.0,0.0,13449.18
BTC/USD:USD,2023-02-15 13:30:57,sell,22713.6,131.0,2971.07,1676467857.0,0.0,2971.07
BTC/USD:USD,2023-02-15 13:30:57,sell,22716.1,48.0,1088.64,1676467857.0,0.0,1088.64
BTC/USD:USD,2023-02-15 13:31:05,buy,22726.9,50.0,1133.99,1676467865.0,1133.99,0.0
BTC/USD:USD,2023-02-15 13:31:05,buy,22727.9,87.0,1973.15,1676467865.0,1973.15,0.0
BTC/USD:USD,2023-02-15 13:31:07,buy,22734.0,50.0,1133.99,1676467867.0,1133.99,0.0
BTC/USD:USD,2023-02-15 13:31:07,buy,22734.1,500.0,11339.95,1676467867.0,11339.95,0.0
BTC/USD:USD,2023-02-15 13:31:07,buy,22734.2,313.0,7098.81,1676467867.0,7098.81,0.0
BTC/USD:USD,2023-02-15 13:31:07,buy,22735.5,314.0,7121.49,1676467867.0,7121.49,0.0
BTC/USD:USD,2023-02-15 13:31:10,buy,22747.2,500.0,11339.95,1676467870.0,11339.95,0.0
BTC/USD:USD,2023-02-15 13:31:10,buy,22747.2,50.0,1133.99,1676467870.0,1133.99,0.0
BTC/USD:USD,2023-02-15 13:31:10,buy,22747.7,167.0,3787.54,1676467870.0,3787.54,0.0
BTC/USD:USD,2023-02-15 13:31:13,buy,22751.3,450.0,10205.96,1676467873.0,10205.96,0.0
BTC/USD:USD,2023-02-15 13:31:13,buy,22749.8,930.0,21092.31,1676467873.0,21092.31,0.0
BTC/USD:USD,2023-02-15 13:31:44,buy,22731.6,600.0,13607.94,1676467904.0,13607.94,0.0
BTC/USD:USD,2023-02-15 13:32:01,sell,22742.9,500.0,11339.95,1676467921.0,0.0,11339.95
BTC/USD:USD,2023-02-15 13:32:07,sell,22727.0,400.0,9071.96,1676467927.0,0.0,9071.96
BTC/USD:USD,2023-02-15 13:32:07,sell,22727.0,370.0,8391.56,1676467927.0,0.0,8391.56
BTC/USD:USD,2023-02-15 13:32:07,sell,22727.0,51.0,1156.67,1676467927.0,0.0,1156.67
BTC/USD:USD,2023-02-15 13:32:10,sell,22719.1,50.0,1133.99,1676467930.0,0.0,1133.99
BTC/USD:USD,2023-02-15 13:32:17,sell,22715.5,57.0,1292.75,1676467937.0,0.0,1292.75
BTC/USD:USD,2023-02-15 13:32:17,sell,22714.5,50.0,1133.99,1676467937.0,0.0,1133.99
BTC/USD:USD,2023-02-15 13:32:17,sell,22714.4,191.0,4331.86,1676467937.0,0.0,4331.86
BTC/USD:USD,2023-02-15 13:32:24,sell,22715.4,50.0,1133.99,1676467944.0,0.0,1133.99
BTC/USD:USD,2023-02-15 13:32:24,sell,22715.3,132.0,2993.75,1676467944.0,0.0,2993.75
BTC/USD:USD,2023-02-15 13:32:24,sell,22715.3,500.0,11339.95,1676467944.0,0.0,11339.95
BTC/USD:USD,2023-02-15 13:32:24,sell,22715.3,167.0,3787.54,1676467944.0,0.0,3787.54
BTC/USD:USD,2023-02-15 13:32:25,sell,22704.3,130.0,2948.39,1676467945.0,0.0,2948.39
BTC/USD:USD,2023-02-15 13:32:34,sell,22695.0,500.0,11339.95,1676467954.0,0.0,11339.95
BTC/USD:USD,2023-02-15 13:32:34,sell,22694.9,90.0,2041.19,1676467954.0,0.0,2041.19
BTC/USD:USD,2023-02-15 13:32:40,sell,22704.7,732.0,16601.69,1676467960.0,0.0,16601.69
BTC/USD:USD,2023-02-15 13:32:40,sell,22704.7,587.0,13313.1,1676467960.0,0.0,13313.1
BTC/USD:USD,2023-02-15 13:32:40,sell,22704.7,593.0,13449.18,1676467960.0,0.0,13449.18
BTC/USD:USD,2023-02-15 13:32:41,buy,22709.2,147.0,3333.95,1676467961.0,3333.95,0.0
BTC/USD:USD,2023-02-15 13:32:46,sell,22715.4,501.0,11362.63,1676467966.0,0.0,11362.63
BTC/USD:USD,2023-02-15 13:32:48,sell,22717.3,544.0,12337.87,1676467968.0,0.0,12337.87
BTC/USD:USD,2023-02-15 13:32:48,sell,22717.3,217.0,4921.54,1676467968.0,0.0,4921.54
BTC/USD:USD,2023-02-15 13:33:01,buy,22703.7,132.0,2993.75,1676467981.0,2993.75,0.0
BTC/USD:USD,2023-02-15 13:33:01,buy,22706.2,50.0,1133.99,1676467981.0,1133.99,0.0
BTC/USD:USD,2023-02-15 13:33:01,buy,22706.3,132.0,2993.75,1676467981.0,2993.75,0.0
BTC/USD:USD,2023-02-15 13:33:01,buy,22707.8,132.0,2993.75,1676467981.0,2993.75,0.0
BTC/USD:USD,2023-02-15 13:33:01,buy,22707.9,132.0,2993.75,1676467981.0,2993.75,0.0
BTC/USD:USD,2023-02-15 13:33:09,sell,22708.5,50.0,1133.99,1676467989.0,0.0,1133.99
BTC/USD:USD,2023-02-15 13:33:09,sell,22708.5,330.0,7484.37,1676467989.0,0.0,7484.37
BTC/USD:USD,2023-02-15 13:33:09,sell,22708.4,162.0,3674.14,1676467989.0,0.0,3674.14
BTC/USD:USD,2023-02-15 13:33:24,sell,22708.0,61.0,1383.47,1676468004.0,0.0,1383.47
BTC/USD:USD,2023-02-15 13:33:25,sell,22707.4,66.0,1496.87,1676468005.0,0.0,1496.87
BTC/USD:USD,2023-02-15 13:33:42,buy,22695.3,83.0,1882.43,1676468022.0,1882.43,0.0
BTC/USD:USD,2023-02-15 13:33:54,sell,22690.9,106.0,2404.07,1676468034.0,0.0,2404.07
BTC/USD:USD,2023-02-15 13:33:54,sell,22690.9,864.0,19595.43,1676468034.0,0.0,19595.43
BTC/USD:USD,2023-02-15 13:34:02,buy,22688.5,50.0,1133.99,1676468042.0,1133.99,0.0
BTC/USD:USD,2023-02-15 13:34:02,buy,22688.6,132.0,2993.75,1676468042.0,2993.75,0.0
BTC/USD:USD,2023-02-15 13:34:03,buy,22690.5,50.0,1133.99,1676468043.0,1133.99,0.0
BTC/USD:USD,2023-02-15 13:34:03,buy,22690.6,132.0,2993.75,1676468043.0,2993.75,0.0
BTC/USD:USD,2023-02-15 13:34:03,buy,22690.9,50.0,1133.99,1676468043.0,1133.99,0.0
BTC/USD:USD,2023-02-15 13:34:03,buy,22691.0,106.0,2404.07,1676468043.0,2404.07,0.0
BTC/USD:USD,2023-02-15 13:34:05,sell,22695.4,3100.0,70307.69,1676468045.0,0.0,70307.69
BTC/USD:USD,2023-02-15 13:34:05,sell,22695.4,5000.0,113399.5,1676468045.0,0.0,113399.5
BTC/USD:USD,2023-02-15 13:34:05,sell,22695.4,117.0,2653.55,1676468045.0,0.0,2653.55
BTC/USD:USD,2023-02-15 13:34:12,sell,22697.4,50.0,1133.99,1676468052.0,0.0,1133.99
BTC/USD:USD,2023-02-15 13:34:12,sell,22696.6,500.0,11339.95,1676468052.0,0.0,11339.95
BTC/USD:USD,2023-02-15 13:34:12,sell,22696.5,937.0,21251.07,1676468052.0,0.0,21251.07
BTC/USD:USD,2023-02-15 13:34:12,sell,22695.9,808.0,18325.36,1676468052.0,0.0,18325.36
BTC/USD:USD,2023-02-15 13:34:43,sell,22692.2,69.0,1564.91,1676468083.0,0.0,1564.91
BTC/USD:USD,2023-02-15 13:34:47,buy,22698.0,68.0,1542.23,1676468087.0,1542.23,0.0
BTC/USD:USD,2023-02-15 13:34:51,sell,22707.8,147.0,3333.95,1676468091.0,0.0,3333.95
BTC/USD:USD,2023-02-15 13:34:51,sell,22707.8,117.0,2653.55,1676468091.0,0.0,2653.55
BTC/USD:USD,2023-02-15 13:34:51,sell,22706.9,147.0,3333.95,1676468091.0,0.0,3333.95
BTC/USD:USD,2023-02-15 13:35:57,sell,22713.2,3190.0,72348.88,1676468157.0,0.0,72348.88
BTC/USD:USD,2023-02-15 13:35:57,sell,22713.2,2700.0,61235.73,1676468157.0,0.0,61235.73
BTC/USD:USD,2023-02-15 13:35:57,sell,22713.2,2030.0,46040.2,1676468157.0,0.0,46040.2
BTC/USD:USD,2023-02-15 13:35:58,buy,22713.3,182.0,4127.74,1676468158.0,4127.74,0.0
BTC/USD:USD,2023-02-15 13:35:58,buy,22713.3,411.0,9321.44,1676468158.0,9321.44,0.0
BTC/USD:USD,2023-02-15 13:35:58,buy,22713.3,826.0,18733.6,1676468158.0,18733.6,0.0
BTC/USD:USD,2023-02-15 13:35:58,buy,22713.3,281.0,6373.05,1676468158.0,6373.05,0.0
BTC/USD:USD,2023-02-15 13:36:06,sell,22713.1,600.0,13607.94,1676468166.0,0.0,13607.94
BTC/USD:USD,2023-02-15 13:36:06,sell,22713.1,5622.0,127506.4,1676468166.0,0.0,127506.4
BTC/USD:USD,2023-02-15 13:36:09,buy,22715.4,107.0,2426.75,1676468169.0,2426.75,0.0
BTC/USD:USD,2023-02-15 13:36:09,buy,22716.3,500.0,11339.95,1676468169.0,11339.95,0.0
BTC/USD:USD,2023-02-15 13:36:09,buy,22716.4,200.0,4535.98,1676468169.0,4535.98,0.0
BTC/USD:USD,2023-02-15 13:36:09,buy,22716.7,386.0,8754.44,1676468169.0,8754.44,0.0
BTC/USD:USD,2023-02-15 13:36:14,buy,22712.8,6300.0,142883.37,1676468174.0,142883.37,0.0
BTC/USD:USD,2023-02-15 13:36:14,buy,22712.8,434.0,9843.08,1676468174.0,9843.08,0.0
BTC/USD:USD,2023-02-15 13:36:22,buy,22714.0,50.0,1133.99,1676468182.0,1133.99,0.0
BTC/USD:USD,2023-02-15 13:36:22,buy,22714.1,147.0,3333.95,1676468182.0,3333.95,0.0
BTC/USD:USD,2023-02-15 13:36:22,buy,22714.1,186.0,4218.46,1676468182.0,4218.46,0.0
BTC/USD:USD,2023-02-15 13:36:22,buy,22714.1,147.0,3333.95,1676468182.0,3333.95,0.0
BTC/USD:USD,2023-02-15 13:36:30,sell,22729.6,50.0,1133.99,1676468190.0,0.0,1133.99
BTC/USD:USD,2023-02-15 13:36:30,sell,22729.6,132.0,2993.75,1676468190.0,0.0,2993.75
BTC/USD:USD,2023-02-15 13:36:47,sell,22727.2,200.0,4535.98,1676468207.0,0.0,4535.98
BTC/USD:USD,2023-02-15 13:36:47,sell,22727.2,200.0,4535.98,1676468207.0,0.0,4535.98
BTC/USD:USD,2023-02-15 13:36:47,sell,22727.2,100.0,2267.99,1676468207.0,0.0,2267.99
BTC/USD:USD,2023-02-15 13:36:47,sell,22727.2,50.0,1133.99,1676468207.0,0.0,1133.99
BTC/USD:USD,2023-02-15 13:36:47,sell,22727.1,50.0,1133.99,1676468207.0,0.0,1133.99
BTC/USD:USD,2023-02-15 13:36:47,sell,22727.1,132.0,2993.75,1676468207.0,0.0,2993.75
BTC/USD:USD,2023-02-15 13:36:47,sell,22725.6,114.0,2585.51,1676468207.0,0.0,2585.51
BTC/USD:USD,2023-02-15 13:36:47,sell,22724.0,200.0,4535.98,1676468207.0,0.0,4535.98
BTC/USD:USD,2023-02-15 13:36:47,sell,22723.2,467.0,10591.51,1676468207.0,0.0,10591.51
BTC/USD:USD,2023-02-15 13:36:47,sell,22723.1,533.0,12088.39,1676468207.0,0.0,12088.39
BTC/USD:USD,2023-02-15 13:36:47,sell,22723.1,1095.0,24834.49,1676468207.0,0.0,24834.49
BTC/USD:USD,2023-02-15 13:36:47,sell,22723.2,500.0,11339.95,1676468207.0,0.0,11339.95
BTC/USD:USD,2023-02-15 13:37:16,buy,22715.6,45.0,1020.6,1676468236.0,1020.6,0.0
BTC/USD:USD,2023-02-15 13:37:21,buy,22710.3,114.0,2585.51,1676468241.0,2585.51,0.0
BTC/USD:USD,2023-02-15 13:37:21,sell,22714.4,112.0,2540.15,1676468241.0,0.0,2540.15
BTC/USD:USD,2023-02-15 13:37:31,sell,22702.2,56.0,1270.07,1676468251.0,0.0,1270.07
BTC/USD:USD,2023-02-15 13:37:42,sell,22704.7,910.0,20638.71,1676468262.0,0.0,20638.71
BTC/USD:USD,2023-02-15 13:37:42,sell,22704.7,72.0,1632.95,1676468262.0,0.0,1632.95
BTC/USD:USD,2023-02-15 13:37:42,sell,22704.7,59.0,1338.11,1676468262.0,0.0,1338.11
BTC/USD:USD,2023-02-15 13:37:42,sell,22704.7,141.0,3197.87,1676468262.0,0.0,3197.87
BTC/USD:USD,2023-02-15 13:38:20,sell,22694.6,757.0,17168.68,1676468300.0,0.0,17168.68
BTC/USD:USD,2023-02-15 13:38:21,buy,22694.7,7370.0,167150.86,1676468301.0,167150.86,0.0
BTC/USD:USD,2023-02-15 13:38:21,buy,22694.7,843.0,19119.16,1676468301.0,19119.16,0.0
BTC/USD:USD,2023-02-15 13:38:26,buy,22694.9,586.0,13290.42,1676468306.0,13290.42,0.0
BTC/USD:USD,2023-02-15 13:38:26,buy,22695.1,500.0,11339.95,1676468306.0,11339.95,0.0
BTC/USD:USD,2023-02-15 13:38:26,buy,22695.1,50.0,1133.99,1676468306.0,1133.99,0.0
BTC/USD:USD,2023-02-15 13:38:26,buy,22702.9,129.0,2925.71,1676468306.0,2925.71,0.0
BTC/USD:USD,2023-02-15 13:38:27,buy,22714.9,131.0,2971.07,1676468307.0,2971.07,0.0
BTC/USD:USD,2023-02-15 13:38:56,buy,22705.7,200.0,4535.98,1676468336.0,4535.98,0.0
BTC/USD:USD,2023-02-15 13:38:56,buy,22706.2,420.0,9525.56,1676468336.0,9525.56,0.0
BTC/USD:USD,2023-02-15 13:38:56,buy,22714.3,127.0,2880.35,1676468336.0,2880.35,0.0
BTC/USD:USD,2023-02-15 13:38:59,sell,22709.2,50.0,1133.99,1676468339.0,0.0,1133.99
BTC/USD:USD,2023-02-15 13:38:59,sell,22709.2,81.0,1837.07,1676468339.0,0.0,1837.07
BTC/USD:USD,2023-02-15 13:38:59,sell,22709.2,51.0,1156.67,1676468339.0,0.0,1156.67
BTC/USD:USD,2023-02-15 13:38:59,sell,22709.1,80.0,1814.39,1676468339.0,0.0,1814.39
BTC/USD:USD,2023-02-15 13:38:59,sell,22708.2,200.0,4535.98,1676468339.0,0.0,4535.98
BTC/USD:USD,2023-02-15 13:38:59,sell,22707.8,132.0,2993.75,1676468339.0,0.0,2993.75
BTC/USD:USD,2023-02-15 13:38:59,sell,22707.0,1321.0,29960.15,1676468339.0,0.0,29960.15
BTC/USD:USD,2023-02-15 13:39:29,sell,22697.9,528.0,11974.99,1676468369.0,0.0,11974.99
BTC/USD:USD,2023-02-15 13:39:29,sell,22697.9,7832.0,177628.98,1676468369.0,0.0,177628.98
BTC/USD:USD,2023-02-15 13:40:10,sell,22714.8,5847.0,132609.38,1676468410.0,0.0,132609.38
BTC/USD:USD,2023-02-15 13:40:34,buy,22705.1,7210.0,163522.08,1676468434.0,163522.08,0.0
BTC/USD:USD,2023-02-15 13:40:34,buy,22705.1,854.0,19368.63,1676468434.0,19368.63,0.0
BTC/USD:USD,2023-02-15 13:40:38,sell,22709.9,6640.0,150594.54,1676468438.0,0.0,150594.54
BTC/USD:USD,2023-02-15 13:40:38,sell,22709.9,592.0,13426.5,1676468438.0,0.0,13426.5
BTC/USD:USD,2023-02-15 13:41:07,sell,22715.2,2090.0,47400.99,1676468467.0,0.0,47400.99
BTC/USD:USD,2023-02-15 13:41:07,sell,22715.2,650.0,14741.94,1676468467.0,0.0,14741.94
BTC/USD:USD,2023-02-15 13:41:07,sell,22715.2,3919.0,88882.53,1676468467.0,0.0,88882.53
BTC/USD:USD,2023-02-15 13:41:53,buy,22703.1,3300.0,74843.67,1676468513.0,74843.67,0.0
BTC/USD:USD,2023-02-15 13:41:53,buy,22703.1,1450.0,32885.86,1676468513.0,32885.86,0.0
BTC/USD:USD,2023-02-15 13:41:53,buy,22703.1,4419.0,100222.48,1676468513.0,100222.48,0.0
BTC/USD:USD,2023-02-15 13:41:53,buy,22703.1,168.0,3810.22,1676468513.0,3810.22,0.0
BTC/USD:USD,2023-02-15 13:42:07,buy,22701.1,9693.0,219836.27,1676468527.0,219836.27,0.0
BTC/USD:USD,2023-02-15 13:42:11,sell,22701.0,181.0,4105.06,1676468531.0,0.0,4105.06
BTC/USD:USD,2023-02-15 13:42:11,sell,22701.0,59.0,1338.11,1676468531.0,0.0,1338.11
BTC/USD:USD,2023-02-15 13:42:11,sell,22701.0,195.0,4422.58,1676468531.0,0.0,4422.58
BTC/USD:USD,2023-02-15 13:42:40,sell,22707.5,9230.0,209335.48,1676468560.0,0.0,209335.48
BTC/USD:USD,2023-02-15 13:43:03,buy,22720.2,50.0,1133.99,1676468583.0,1133.99,0.0
BTC/USD:USD,2023-02-15 13:43:06,buy,22730.9,112.0,2540.15,1676468586.0,2540.15,0.0
BTC/USD:USD,2023-02-15 13:43:40,buy,22724.1,50.0,1133.99,1676468620.0,1133.99,0.0
BTC/USD:USD,2023-02-15 13:43:40,buy,22724.2,500.0,11339.95,1676468620.0,11339.95,0.0
BTC/USD:USD,2023-02-15 13:43:40,buy,22724.3,165.0,3742.18,1676468620.0,3742.18,0.0
BTC/USD:USD,2023-02-15 13:43:42,sell,22724.2,4995.0,113286.1,1676468622.0,0.0,113286.1
BTC/USD:USD,2023-02-15 13:43:42,sell,22724.2,2111.0,47877.27,1676468622.0,0.0,47877.27
BTC/USD:USD,2023-02-15 13:43:47,buy,22724.3,54.0,1224.71,1676468627.0,1224.71,0.0
BTC/USD:USD,2023-02-15 13:43:52,buy,22721.9,1880.0,42638.21,1676468632.0,42638.21,0.0
BTC/USD:USD,2023-02-15 13:43:52,buy,22721.9,2290.0,51936.97,1676468632.0,51936.97,0.0
BTC/USD:USD,2023-02-15 13:43:52,buy,22721.9,165.0,3742.18,1676468632.0,3742.18,0.0
BTC/USD:USD,2023-02-15 13:43:52,buy,22721.9,4817.0,109249.08,1676468632.0,109249.08,0.0
BTC/USD:USD,2023-02-15 13:44:00,buy,22715.7,115.0,2608.19,1676468640.0,2608.19,0.0
BTC/USD:USD,2023-02-15 13:44:04,buy,22720.8,50.0,1133.99,1676468644.0,1133.99,0.0
BTC/USD:USD,2023-02-15 13:44:04,buy,22721.0,137.0,3107.15,1676468644.0,3107.15,0.0
BTC/USD:USD,2023-02-15 13:44:10,sell,22732.4,4662.0,105733.69,1676468650.0,0.0,105733.69
BTC/USD:USD,2023-02-15 13:44:10,sell,22732.4,3533.0,80128.09,1676468650.0,0.0,80128.09
BTC/USD:USD,2023-02-15 13:44:10,sell,22732.4,1601.0,36310.52,1676468650.0,0.0,36310.52
BTC/USD:USD,2023-02-15 13:44:12,buy,22736.1,223.0,5057.62,1676468652.0,5057.62,0.0
BTC/USD:USD,2023-02-15 13:44:48,buy,22734.8,100.0,2267.99,1676468688.0,2267.99,0.0
BTC/USD:USD,2023-02-15 13:44:48,buy,22734.8,6361.0,144266.84,1676468688.0,144266.84,0.0
BTC/USD:USD,2023-02-15 13:44:48,buy,22734.8,303.0,6872.01,1676468688.0,6872.01,0.0
BTC/USD:USD,2023-02-15 13:45:09,sell,22754.9,500.0,11339.95,1676468709.0,0.0,11339.95
BTC/USD:USD,2023-02-15 13:45:09,sell,22754.9,50.0,1133.99,1676468709.0,0.0,1133.99
BTC/USD:USD,2023-02-15 13:45:09,sell,22754.8,450.0,10205.96,1676468709.0,0.0,10205.96
BTC/USD:USD,2023-02-15 13:45:14,sell,22755.6,3450.0,78245.66,1676468714.0,0.0,78245.66
BTC/USD:USD,2023-02-15 13:45:14,sell,22755.6,3887.0,88156.77,1676468714.0,0.0,88156.77
BTC/USD:USD,2023-02-15 13:45:16,buy,22753.3,97.0,2199.95,1676468716.0,2199.95,0.0
BTC/USD:USD,2023-02-15 13:45:26,sell,22749.3,3000.0,68039.7,1676468726.0,0.0,68039.7
BTC/USD:USD,2023-02-15 13:45:26,sell,22749.3,2938.0,66633.55,1676468726.0,0.0,66633.55
BTC/USD:USD,2023-02-15 13:45:50,buy,22746.6,57.0,1292.75,1676468750.0,1292.75,0.0
BTC/USD:USD,2023-02-15 13:45:57,buy,22739.5,680.0,15422.33,1676468757.0,15422.33,0.0
BTC/USD:USD,2023-02-15 13:45:57,buy,22739.5,6248.0,141704.02,1676468757.0,141704.02,0.0
BTC/USD:USD,2023-02-15 13:45:57,buy,22739.5,52.0,1179.35,1676468757.0,1179.35,0.0
BTC/USD:USD,2023-02-15 13:46:12,sell,22737.1,95.0,2154.59,1676468772.0,0.0,2154.59
BTC/USD:USD,2023-02-15 13:46:31,sell,22734.0,4000.0,90719.6,1676468791.0,0.0,90719.6
BTC/USD:USD,2023-02-15 13:46:31,sell,22734.0,4246.0,96298.86,1676468791.0,0.0,96298.86
BTC/USD:USD,2023-02-15 13:46:36,buy,22732.0,329.0,7461.69,1676468796.0,7461.69,0.0
BTC/USD:USD,2023-02-15 13:46:40,sell,22732.6,2500.0,56699.75,1676468800.0,0.0,56699.75
BTC/USD:USD,2023-02-15 13:46:40,sell,22732.6,5077.0,115145.85,1676468800.0,0.0,115145.85
BTC/USD:USD,2023-02-15 13:46:43,buy,22734.4,95.0,2154.59,1676468803.0,2154.59,0.0
BTC/USD:USD,2023-02-15 13:46:43,buy,22734.7,50.0,1133.99,1676468803.0,1133.99,0.0
BTC/USD:USD,2023-02-15 13:46:50,sell,22736.4,3040.0,68946.9,1676468810.0,0.0,68946.9
BTC/USD:USD,2023-02-15 13:46:50,sell,22736.4,4370.0,99111.16,1676468810.0,0.0,99111.16
BTC/USD:USD,2023-02-15 13:46:50,sell,22736.4,1004.0,22770.62,1676468810.0,0.0,22770.62
BTC/USD:USD,2023-02-15 13:46:55,buy,22735.3,6459.0,146489.47,1676468815.0,146489.47,0.0
BTC/USD:USD,2023-02-15 13:47:05,buy,22733.4,5287.0,119908.63,1676468825.0,119908.63,0.0
BTC/USD:USD,2023-02-15 13:47:05,buy,22733.4,2465.0,55905.95,1676468825.0,55905.95,0.0
BTC/USD:USD,2023-02-15 13:47:29,buy,22727.7,50.0,1133.99,1676468849.0,1133.99,0.0
BTC/USD:USD,2023-02-15 13:48:02,buy,22739.0,50.0,1133.99,1676468882.0,1133.99,0.0
BTC/USD:USD,2023-02-15 13:48:33,buy,22739.0,45.0,1020.6,1676468913.0,1020.6,0.0
BTC/USD:USD,2023-02-15 13:49:12,sell,22742.4,4995.0,113286.1,1676468952.0,0.0,113286.1
BTC/USD:USD,2023-02-15 13:49:12,sell,22742.4,2066.0,46856.67,1676468952.0,0.0,46856.67
BTC/USD:USD,2023-02-15 13:49:12,sell,22742.4,5937.0,134650.57,1676468952.0,0.0,134650.57
BTC/USD:USD,2023-02-15 13:49:13,sell,22742.4,385.0,8731.76,1676468953.0,0.0,8731.76
BTC/USD:USD,2023-02-15 13:49:47,sell,22743.4,73.0,1655.63,1676468987.0,0.0,1655.63
BTC/USD:USD,2023-02-15 13:49:59,buy,22743.5,157.0,3560.74,1676468999.0,3560.74,0.0
BTC/USD:USD,2023-02-15 13:50:00,buy,22754.7,131.0,2971.07,1676469000.0,2971.07,0.0
BTC/USD:USD,2023-02-15 13:50:13,buy,22751.8,5600.0,127007.44,1676469013.0,127007.44,0.0
BTC/USD:USD,2023-02-15 13:50:13,buy,22751.8,994.0,22543.82,1676469013.0,22543.82,0.0
BTC/USD:USD,2023-02-15 13:50:25,sell,22749.4,81.0,1837.07,1676469025.0,0.0,1837.07
BTC/USD:USD,2023-02-15 13:50:36,buy,22741.4,130.0,2948.39,1676469036.0,2948.39,0.0
BTC/USD:USD,2023-02-15 13:50:36,buy,22742.0,147.0,3333.95,1676469036.0,3333.95,0.0
BTC/USD:USD,2023-02-15 13:50:36,buy,22743.3,132.0,2993.75,1676469036.0,2993.75,0.0
BTC/USD:USD,2023-02-15 13:50:40,sell,22748.6,57.0,1292.75,1676469040.0,0.0,1292.75
BTC/USD:USD,2023-02-15 13:50:48,sell,22749.6,75.0,1700.99,1676469048.0,0.0,1700.99
BTC/USD:USD,2023-02-15 13:50:48,sell,22748.9,50.0,1133.99,1676469048.0,0.0,1133.99
BTC/USD:USD,2023-02-15 13:51:17,buy,22751.4,500.0,11339.95,1676469077.0,11339.95,0.0
BTC/USD:USD,2023-02-15 13:51:17,buy,22751.4,50.0,1133.99,1676469077.0,1133.99,0.0
BTC/USD:USD,2023-02-15 13:51:17,buy,22751.4,132.0,2993.75,1676469077.0,2993.75,0.0
BTC/USD:USD,2023-02-15 13:51:17,buy,22751.4,937.0,21251.07,1676469077.0,21251.07,0.0
BTC/USD:USD,2023-02-15 13:51:17,buy,22751.5,200.0,4535.98,1676469077.0,4535.98,0.0
BTC/USD:USD,2023-02-15 13:51:17,buy,22751.6,147.0,3333.95,1676469077.0,3333.95,0.0
BTC/USD:USD,2023-02-15 13:51:17,buy,22753.5,1220.0,27669.48,1676469077.0,27669.48,0.0
BTC/USD:USD,2023-02-15 13:51:17,buy,22753.6,1220.0,27669.48,1676469077.0,27669.48,0.0
BTC/USD:USD,2023-02-15 13:51:17,buy,22753.7,2080.0,47174.19,1676469077.0,47174.19,0.0
BTC/USD:USD,2023-02-15 13:51:17,buy,22753.7,358.0,8119.4,1676469077.0,8119.4,0.0
BTC/USD:USD,2023-02-15 13:51:18,sell,22751.9,132.0,2993.75,1676469078.0,0.0,2993.75
BTC/USD:USD,2023-02-15 13:51:18,sell,22751.9,72.0,1632.95,1676469078.0,0.0,1632.95
BTC/USD:USD,2023-02-15 13:51:21,sell,22751.9,9543.0,216434.29,1676469081.0,0.0,216434.29
BTC/USD:USD,2023-02-15 13:51:39,sell,22749.0,50.0,1133.99,1676469099.0,0.0,1133.99
BTC/USD:USD,2023-02-15 13:51:39,sell,22747.0,50.0,1133.99,1676469099.0,0.0,1133.99
BTC/USD:USD,2023-02-15 13:52:02,sell,22750.0,7770.0,176222.82,1676469122.0,0.0,176222.82
BTC/USD:USD,2023-02-15 13:52:02,sell,22750.0,6250.0,141749.38,1676469122.0,0.0,141749.38
BTC/USD:USD,2023-02-15 13:52:02,sell,22750.0,3391.0,76907.54,1676469122.0,0.0,76907.54
BTC/USD:USD,2023-02-15 13:52:05,sell,22751.5,1237.0,28055.04,1676469125.0,0.0,28055.04
BTC/USD:USD,2023-02-15 13:52:05,sell,22751.5,500.0,11339.95,1676469125.0,0.0,11339.95
BTC/USD:USD,2023-02-15 13:52:05,sell,22751.4,7160.0,162388.08,1676469125.0,0.0,162388.08
BTC/USD:USD,2023-02-15 13:52:05,sell,22751.4,998.0,22634.54,1676469125.0,0.0,22634.54
BTC/USD:USD,2023-02-15 13:52:05,sell,22751.4,3609.0,81851.76,1676469125.0,0.0,81851.76
BTC/USD:USD,2023-02-15 13:52:08,sell,22754.2,76.0,1723.67,1676469128.0,0.0,1723.67
BTC/USD:USD,2023-02-15 13:52:15,buy,22750.1,79.0,1791.71,1676469135.0,1791.71,0.0
BTC/USD:USD,2023-02-15 13:53:17,buy,22748.5,50.0,1133.99,1676469197.0,1133.99,0.0
BTC/USD:USD,2023-02-15 13:53:51,sell,22745.9,200.0,4535.98,1676469231.0,0.0,4535.98
BTC/USD:USD,2023-02-15 13:54:14,sell,22745.9,50.0,1133.99,1676469254.0,0.0,1133.99
BTC/USD:USD,2023-02-15 13:54:35,sell,22741.6,63.0,1428.83,1676469275.0,0.0,1428.83
BTC/USD:USD,2023-02-15 13:54:35,sell,22741.3,50.0,1133.99,1676469275.0,0.0,1133.99
BTC/USD:USD,2023-02-15 13:54:35,sell,22741.2,258.0,5851.41,1676469275.0,0.0,5851.41
BTC/USD:USD,2023-02-15 13:54:35,sell,22741.1,205.0,4649.38,1676469275.0,0.0,4649.38
BTC/USD:USD,2023-02-15 13:54:56,buy,22737.1,314.0,7121.49,1676469296.0,7121.49,0.0
BTC/USD:USD,2023-02-15 13:54:58,buy,22737.1,132.0,2993.75,1676469298.0,2993.75,0.0
BTC/USD:USD,2023-02-15 13:54:58,buy,22737.5,50.0,1133.99,1676469298.0,1133.99,0.0
BTC/USD:USD,2023-02-15 13:54:58,buy,22737.6,144.0,3265.91,1676469298.0,3265.91,0.0
BTC/USD:USD,2023-02-15 13:55:18,sell,22736.7,131.0,2971.07,1676469318.0,0.0,2971.07
BTC/USD:USD,2023-02-15 13:57:00,sell,22713.0,50.0,1133.99,1676469420.0,0.0,1133.99
BTC/USD:USD,2023-02-15 13:57:19,sell,22711.4,3700.0,83915.63,1676469439.0,0.0,83915.63
BTC/USD:USD,2023-02-15 13:57:19,sell,22711.4,4202.0,95300.94,1676469439.0,0.0,95300.94
BTC/USD:USD,2023-02-15 13:57:19,sell,22711.4,5994.0,135943.32,1676469439.0,0.0,135943.32
BTC/USD:USD,2023-02-15 13:57:19,sell,22711.4,3861.0,87567.09,1676469439.0,0.0,87567.09
BTC/USD:USD,2023-02-15 13:57:25,sell,22708.2,50.0,1133.99,1676469445.0,0.0,1133.99
BTC/USD:USD,2023-02-15 13:57:25,sell,22708.2,121.0,2744.27,1676469445.0,0.0,2744.27
BTC/USD:USD,2023-02-15 13:57:25,sell,22708.2,63.0,1428.83,1676469445.0,0.0,1428.83
BTC/USD:USD,2023-02-15 13:57:42,sell,22705.9,50.0,1133.99,1676469462.0,0.0,1133.99
BTC/USD:USD,2023-02-15 13:57:56,sell,22705.4,6166.0,139844.26,1676469476.0,0.0,139844.26
BTC/USD:USD,2023-02-15 13:57:56,sell,22705.4,3200.0,72575.68,1676469476.0,0.0,72575.68
BTC/USD:USD,2023-02-15 13:57:56,sell,22705.4,3263.0,74004.51,1676469476.0,0.0,74004.51
BTC/USD:USD,2023-02-15 13:58:21,buy,22701.9,600.0,13607.94,1676469501.0,13607.94,0.0
BTC/USD:USD,2023-02-15 13:58:21,buy,22701.9,2400.0,54431.76,1676469501.0,54431.76,0.0
BTC/USD:USD,2023-02-15 13:58:21,buy,22701.9,540.0,12247.15,1676469501.0,12247.15,0.0
BTC/USD:USD,2023-02-15 13:58:21,buy,22701.9,4277.0,97001.93,1676469501.0,97001.93,0.0
BTC/USD:USD,2023-02-15 13:58:21,buy,22701.9,5400.0,122471.46,1676469501.0,122471.46,0.0
BTC/USD:USD,2023-02-15 13:58:21,buy,22701.9,2869.0,65068.63,1676469501.0,65068.63,0.0
BTC/USD:USD,2023-02-15 13:58:33,sell,22700.0,81.0,1837.07,1676469513.0,0.0,1837.07
BTC/USD:USD,2023-02-15 13:58:35,sell,22693.7,500.0,11339.95,1676469515.0,0.0,11339.95
BTC/USD:USD,2023-02-15 13:58:35,sell,22693.7,50.0,1133.99,1676469515.0,0.0,1133.99
BTC/USD:USD,2023-02-15 13:58:35,sell,22693.7,50.0,1133.99,1676469515.0,0.0,1133.99
BTC/USD:USD,2023-02-15 14:00:01,sell,22695.3,850.0,19277.92,1676469601.0,0.0,19277.92
BTC/USD:USD,2023-02-15 14:00:01,sell,22695.3,150.0,3401.98,1676469601.0,0.0,3401.98
BTC/USD:USD,2023-02-15 14:00:01,sell,22695.3,8025.0,182006.2,1676469601.0,0.0,182006.2
BTC/USD:USD,2023-02-15 14:00:05,buy,22692.5,119.0,2698.91,1676469605.0,2698.91,0.0
BTC/USD:USD,2023-02-15 14:00:05,buy,22692.5,427.0,9684.32,1676469605.0,9684.32,0.0
BTC/USD:USD,2023-02-15 14:00:06,sell,22692.4,5963.0,135240.24,1676469606.0,0.0,135240.24
BTC/USD:USD,2023-02-15 14:00:06,sell,22692.4,820.0,18597.52,1676469606.0,0.0,18597.52
BTC/USD:USD,2023-02-15 14:00:06,sell,22692.4,5065.0,114873.69,1676469606.0,0.0,114873.69
BTC/USD:USD,2023-02-15 14:00:06,sell,22692.4,2511.0,56949.23,1676469606.0,0.0,56949.23
BTC/USD:USD,2023-02-15 14:00:27,buy,22691.4,50.0,1133.99,1676469627.0,1133.99,0.0
BTC/USD:USD,2023-02-15 14:00:35,buy,22697.6,131.0,2971.07,1676469635.0,2971.07,0.0
BTC/USD:USD,2023-02-15 14:00:35,buy,22697.6,368.0,8346.2,1676469635.0,8346.2,0.0
BTC/USD:USD,2023-02-15 14:00:41,buy,22698.2,100.0,2267.99,1676469641.0,2267.99,0.0
BTC/USD:USD,2023-02-15 14:00:43,buy,22698.2,400.0,9071.96,1676469643.0,9071.96,0.0
BTC/USD:USD,2023-02-15 14:00:43,buy,22698.2,50.0,1133.99,1676469643.0,1133.99,0.0
BTC/USD:USD,2023-02-15 14:01:26,sell,22708.1,132.0,2993.75,1676469686.0,0.0,2993.75
BTC/USD:USD,2023-02-15 14:01:26,sell,22708.1,50.0,1133.99,1676469686.0,0.0,1133.99
BTC/USD:USD,2023-02-15 14:01:26,sell,22702.0,50.0,1133.99,1676469686.0,0.0,1133.99
BTC/USD:USD,2023-02-15 14:01:26,sell,22702.0,500.0,11339.95,1676469686.0,0.0,11339.95
BTC/USD:USD,2023-02-15 14:01:26,sell,22701.9,4820.0,109317.12,1676469686.0,0.0,109317.12
BTC/USD:USD,2023-02-15 14:01:26,sell,22701.9,4162.0,94393.74,1676469686.0,0.0,94393.74
BTC/USD:USD,2023-02-15 14:01:54,buy,22706.0,464.0,10523.47,1676469714.0,10523.47,0.0
BTC/USD:USD,2023-02-15 14:02:00,sell,22711.5,3220.0,73029.28,1676469720.0,0.0,73029.28
BTC/USD:USD,2023-02-15 14:02:00,sell,22711.5,1110.0,25174.69,1676469720.0,0.0,25174.69
BTC/USD:USD,2023-02-15 14:02:00,sell,22711.5,3708.0,84097.07,1676469720.0,0.0,84097.07
BTC/USD:USD,2023-02-15 14:02:00,sell,22711.5,1416.0,32114.74,1676469720.0,0.0,32114.74
BTC/USD:USD,2023-02-15 14:02:00,sell,22711.5,614.0,13925.46,1676469720.0,0.0,13925.46
BTC/USD:USD,2023-02-15 14:02:00,sell,22711.5,2390.0,54204.96,1676469720.0,0.0,54204.96
BTC/USD:USD,2023-02-15 14:02:00,sell,22711.5,1950.0,44225.8,1676469720.0,0.0,44225.8
BTC/USD:USD,2023-02-15 14:02:00,sell,22711.5,3900.0,88451.61,1676469720.0,0.0,88451.61
BTC/USD:USD,2023-02-15 14:02:16,buy,22713.5,50.0,1133.99,1676469736.0,1133.99,0.0
BTC/USD:USD,2023-02-15 14:02:21,sell,22705.3,1150.0,26081.88,1676469741.0,0.0,26081.88
BTC/USD:USD,2023-02-15 14:02:21,sell,22705.3,6372.0,144516.32,1676469741.0,0.0,144516.32
BTC/USD:USD,2023-02-15 14:02:21,sell,22705.3,5000.0,113399.5,1676469741.0,0.0,113399.5
BTC/USD:USD,2023-02-15 14:02:21,sell,22705.3,2130.0,48308.19,1676469741.0,0.0,48308.19
BTC/USD:USD,2023-02-15 14:02:21,sell,22705.3,695.0,15762.53,1676469741.0,0.0,15762.53
BTC/USD:USD,2023-02-15 14:02:24,buy,22705.4,54.0,1224.71,1676469744.0,1224.71,0.0
BTC/USD:USD,2023-02-15 14:02:31,buy,22707.7,50.0,1133.99,1676469751.0,1133.99,0.0
BTC/USD:USD,2023-02-15 14:02:43,sell,22710.2,6092.0,138165.95,1676469763.0,0.0,138165.95
BTC/USD:USD,2023-02-15 14:02:44,sell,22709.8,50.0,1133.99,1676469764.0,0.0,1133.99
BTC/USD:USD,2023-02-15 14:03:12,buy,22709.2,50.0,1133.99,1676469792.0,1133.99,0.0
BTC/USD:USD,2023-02-15 14:05:21,buy,22715.6,50.0,1133.99,1676469921.0,1133.99,0.0
BTC/USD:USD,2023-02-15 14:05:58,sell,22717.9,7064.0,160210.81,1676469958.0,0.0,160210.81
BTC/USD:USD,2023-02-15 14:05:58,sell,22717.9,627.0,14220.3,1676469958.0,0.0,14220.3
BTC/USD:USD,2023-02-15 14:05:58,sell,22717.9,493.0,11181.19,1676469958.0,0.0,11181.19
BTC/USD:USD,2023-02-15 14:05:58,sell,22717.9,2007.0,45518.56,1676469958.0,0.0,45518.56
BTC/USD:USD,2023-02-15 14:05:58,sell,22717.9,2309.0,52367.89,1676469958.0,0.0,52367.89
BTC/USD:USD,2023-02-15 14:06:28,sell,22718.5,5350.0,121337.46,1676469988.0,0.0,121337.46
BTC/USD:USD,2023-02-15 14:06:28,sell,22718.5,1135.0,25741.69,1676469988.0,0.0,25741.69
BTC/USD:USD,2023-02-15 14:06:28,sell,22718.5,5548.0,125828.09,1676469988.0,0.0,125828.09
BTC/USD:USD,2023-02-15 14:06:35,sell,22718.5,130.0,2948.39,1676469995.0,0.0,2948.39
BTC/USD:USD,2023-02-15 14:06:35,sell,22718.5,112.0,2540.15,1676469995.0,0.0,2540.15
BTC/USD:USD,2023-02-15 14:06:35,sell,22718.5,583.0,13222.38,1676469995.0,0.0,13222.38
BTC/USD:USD,2023-02-15 14:06:35,sell,22718.5,50.0,1133.99,1676469995.0,0.0,1133.99
BTC/USD:USD,2023-02-15 14:06:35,sell,22715.4,470.0,10659.55,1676469995.0,0.0,10659.55
BTC/USD:USD,2023-02-15 14:06:35,sell,22715.3,780.0,17690.32,1676469995.0,0.0,17690.32
BTC/USD:USD,2023-02-15 14:06:36,sell,22714.5,132.0,2993.75,1676469996.0,0.0,2993.75
BTC/USD:USD,2023-02-15 14:06:36,sell,22714.5,308.0,6985.41,1676469996.0,0.0,6985.41
BTC/USD:USD,2023-02-15 14:06:51,sell,22708.3,50.0,1133.99,1676470011.0,0.0,1133.99
BTC/USD:USD,2023-02-15 14:06:51,sell,22708.1,53.0,1202.03,1676470011.0,0.0,1202.03
BTC/USD:USD,2023-02-15 14:06:51,sell,22708.3,147.0,3333.95,1676470011.0,0.0,3333.95
BTC/USD:USD,2023-02-15 14:06:51,sell,22708.3,552.0,12519.3,1676470011.0,0.0,12519.3
BTC/USD:USD,2023-02-15 14:06:51,sell,22706.1,130.0,2948.39,1676470011.0,0.0,2948.39
BTC/USD:USD,2023-02-15 14:06:51,sell,22703.0,132.0,2993.75,1676470011.0,0.0,2993.75
BTC/USD:USD,2023-02-15 14:06:51,sell,22696.9,277.0,6282.33,1676470011.0,0.0,6282.33
BTC/USD:USD,2023-02-15 14:07:03,sell,22695.1,750.0,17009.92,1676470023.0,0.0,17009.92
BTC/USD:USD,2023-02-15 14:07:03,sell,22695.1,6866.0,155720.19,1676470023.0,0.0,155720.19
BTC/USD:USD,2023-02-15 14:07:03,sell,22695.1,924.0,20956.23,1676470023.0,0.0,20956.23
BTC/USD:USD,2023-02-15 14:07:03,sell,22695.1,825.0,18710.92,1676470023.0,0.0,18710.92
BTC/USD:USD,2023-02-15 14:07:24,buy,22694.9,50.0,1133.99,1676470044.0,1133.99,0.0
BTC/USD:USD,2023-02-15 14:07:31,sell,22694.8,50.0,1133.99,1676470051.0,0.0,1133.99
BTC/USD:USD,2023-02-15 14:07:31,sell,22694.8,50.0,1133.99,1676470051.0,0.0,1133.99
BTC/USD:USD,2023-02-15 14:07:36,buy,22696.8,129.0,2925.71,1676470056.0,2925.71,0.0
BTC/USD:USD,2023-02-15 14:07:40,buy,22696.8,151.0,3424.66,1676470060.0,3424.66,0.0
BTC/USD:USD,2023-02-15 14:07:52,sell,22695.7,2800.0,63503.72,1676470072.0,0.0,63503.72
BTC/USD:USD,2023-02-15 14:07:52,sell,22695.7,6176.0,140071.06,1676470072.0,0.0,140071.06
BTC/USD:USD,2023-02-15 14:09:16,buy,22695.1,57.0,1292.75,1676470156.0,1292.75,0.0
BTC/USD:USD,2023-02-15 14:09:17,sell,22695.0,331.0,7507.05,1676470157.0,0.0,7507.05
BTC/USD:USD,2023-02-15 14:09:17,sell,22695.0,825.0,18710.92,1676470157.0,0.0,18710.92
BTC/USD:USD,2023-02-15 14:09:17,sell,22695.0,282.0,6395.73,1676470157.0,0.0,6395.73
BTC/USD:USD,2023-02-15 14:09:17,sell,22695.0,301.0,6826.65,1676470157.0,0.0,6826.65
BTC/USD:USD,2023-02-15 14:09:35,buy,22695.6,50.0,1133.99,1676470175.0,1133.99,0.0
BTC/USD:USD,2023-02-15 14:09:35,buy,22698.0,70.0,1587.59,1676470175.0,1587.59,0.0
BTC/USD:USD,2023-02-15 14:10:54,buy,22709.7,99.0,2245.31,1676470254.0,2245.31,0.0
BTC/USD:USD,2023-02-15 14:11:23,buy,22699.2,827.0,18756.28,1676470283.0,18756.28,0.0
BTC/USD:USD,2023-02-15 14:11:23,buy,22699.2,200.0,4535.98,1676470283.0,4535.98,0.0
BTC/USD:USD,2023-02-15 14:11:23,buy,22699.2,500.0,11339.95,1676470283.0,11339.95,0.0
BTC/USD:USD,2023-02-15 14:11:23,buy,22699.2,50.0,1133.99,1676470283.0,1133.99,0.0
BTC/USD:USD,2023-02-15 14:11:23,buy,22699.2,500.0,11339.95,1676470283.0,11339.95,0.0
BTC/USD:USD,2023-02-15 14:11:23,buy,22699.2,1200.0,27215.88,1676470283.0,27215.88,0.0
BTC/USD:USD,2023-02-15 14:11:23,buy,22699.3,446.0,10115.24,1676470283.0,10115.24,0.0
BTC/USD:USD,2023-02-15 14:11:27,sell,22696.8,1826.0,41413.5,1676470287.0,0.0,41413.5
BTC/USD:USD,2023-02-15 14:11:27,sell,22696.8,3154.0,71532.4,1676470287.0,0.0,71532.4
BTC/USD:USD,2023-02-15 14:11:27,sell,22696.8,1573.0,35675.48,1676470287.0,0.0,35675.48
BTC/USD:USD,2023-02-15 14:11:48,buy,22698.2,50.0,1133.99,1676470308.0,1133.99,0.0
BTC/USD:USD,2023-02-15 14:12:15,sell,22698.5,7720.0,175088.83,1676470335.0,0.0,175088.83
BTC/USD:USD,2023-02-15 14:12:57,sell,22692.6,50.0,1133.99,1676470377.0,0.0,1133.99
BTC/USD:USD,2023-02-15 14:12:57,sell,22692.6,88.0,1995.83,1676470377.0,0.0,1995.83
BTC/USD:USD,2023-02-15 14:13:06,sell,22690.7,500.0,11339.95,1676470386.0,0.0,11339.95
BTC/USD:USD,2023-02-15 14:13:22,buy,22682.7,3832.0,86909.38,1676470402.0,86909.38,0.0
BTC/USD:USD,2023-02-15 14:13:22,buy,22682.7,1914.0,43409.33,1676470402.0,43409.33,0.0
BTC/USD:USD,2023-02-15 14:13:22,buy,22682.7,4059.0,92057.71,1676470402.0,92057.71,0.0
BTC/USD:USD,2023-02-15 14:13:29,sell,22682.0,50.0,1133.99,1676470409.0,0.0,1133.99
BTC/USD:USD,2023-02-15 14:13:29,sell,22682.0,453.0,10273.99,1676470409.0,0.0,10273.99
BTC/USD:USD,2023-02-15 14:13:35,sell,22680.9,50.0,1133.99,1676470415.0,0.0,1133.99
BTC/USD:USD,2023-02-15 14:13:35,sell,22680.9,370.0,8391.56,1676470415.0,0.0,8391.56
BTC/USD:USD,2023-02-15 14:13:47,sell,22678.7,50.0,1133.99,1676470427.0,0.0,1133.99
BTC/USD:USD,2023-02-15 14:13:47,sell,22678.7,465.0,10546.15,1676470427.0,0.0,10546.15
BTC/USD:USD,2023-02-15 14:13:47,sell,22678.6,370.0,8391.56,1676470427.0,0.0,8391.56
BTC/USD:USD,2023-02-15 14:13:47,sell,22678.2,46.0,1043.28,1676470427.0,0.0,1043.28
BTC/USD:USD,2023-02-15 14:13:48,sell,22678.2,50.0,1133.99,1676470428.0,0.0,1133.99
BTC/USD:USD,2023-02-15 14:13:48,sell,22678.2,536.0,12156.43,1676470428.0,0.0,12156.43
BTC/USD:USD,2023-02-15 14:14:04,buy,22678.8,360.0,8164.76,1676470444.0,8164.76,0.0
BTC/USD:USD,2023-02-15 14:14:04,buy,22678.8,5473.0,124127.09,1676470444.0,124127.09,0.0
BTC/USD:USD,2023-02-15 14:14:23,sell,22677.5,50.0,1133.99,1676470463.0,0.0,1133.99
BTC/USD:USD,2023-02-15 14:14:23,sell,22677.5,68.0,1542.23,1676470463.0,0.0,1542.23
BTC/USD:USD,2023-02-15 14:14:31,sell,22678.1,1321.0,29960.15,1676470471.0,0.0,29960.15
BTC/USD:USD,2023-02-15 14:14:31,sell,22678.1,765.0,17350.12,1676470471.0,0.0,17350.12
BTC/USD:USD,2023-02-15 14:14:40,buy,22677.1,8434.0,191282.28,1676470480.0,191282.28,0.0
BTC/USD:USD,2023-02-15 14:15:06,buy,22677.1,2904.0,65862.43,1676470506.0,65862.43,0.0
BTC/USD:USD,2023-02-15 14:15:06,buy,22677.1,2903.0,65839.75,1676470506.0,65839.75,0.0
BTC/USD:USD,2023-02-15 14:15:14,buy,22677.2,54.0,1224.71,1676470514.0,1224.71,0.0
BTC/USD:USD,2023-02-15 14:15:20,buy,22679.7,500.0,11339.95,1676470520.0,11339.95,0.0
BTC/USD:USD,2023-02-15 14:15:23,sell,22684.8,100.0,2267.99,1676470523.0,0.0,2267.99
BTC/USD:USD,2023-02-15 14:15:27,sell,22683.5,5510.0,124966.25,1676470527.0,0.0,124966.25
BTC/USD:USD,2023-02-15 14:15:27,sell,22683.5,2611.0,59217.22,1676470527.0,0.0,59217.22
BTC/USD:USD,2023-02-15 14:15:37,buy,22685.7,5427.0,123083.82,1676470537.0,123083.82,0.0
BTC/USD:USD,2023-02-15 14:15:52,sell,22681.7,50.0,1133.99,1676470552.0,0.0,1133.99
BTC/USD:USD,2023-02-15 14:15:53,sell,22681.4,280.0,6350.37,1676470553.0,0.0,6350.37
BTC/USD:USD,2023-02-15 14:15:53,sell,22681.4,382.0,8663.72,1676470553.0,0.0,8663.72
BTC/USD:USD,2023-02-15 14:15:56,sell,22681.4,270.0,6123.57,1676470556.0,0.0,6123.57
BTC/USD:USD,2023-02-15 14:15:58,sell,22681.4,1792.0,40642.38,1676470558.0,0.0,40642.38
BTC/USD:USD,2023-02-15 14:15:59,sell,22681.4,284.0,6441.09,1676470559.0,0.0,6441.09
BTC/USD:USD,2023-02-15 14:16:00,sell,22681.4,1468.0,33294.09,1676470560.0,0.0,33294.09
BTC/USD:USD,2023-02-15 14:16:01,sell,22681.4,300.0,6803.97,1676470561.0,0.0,6803.97
BTC/USD:USD,2023-02-15 14:16:03,sell,22681.4,224.0,5080.3,1676470563.0,0.0,5080.3
BTC/USD:USD,2023-02-15 14:16:06,sell,22677.0,50.0,1133.99,1676470566.0,0.0,1133.99
BTC/USD:USD,2023-02-15 14:16:21,buy,22673.7,2277.0,51642.13,1676470581.0,51642.13,0.0
BTC/USD:USD,2023-02-15 14:16:21,buy,22673.7,4860.0,110224.31,1676470581.0,110224.31,0.0
BTC/USD:USD,2023-02-15 14:16:21,buy,22673.7,642.0,14560.5,1676470581.0,14560.5,0.0
BTC/USD:USD,2023-02-15 14:16:31,buy,22673.2,5758.0,130590.86,1676470591.0,130590.86,0.0
BTC/USD:USD,2023-02-15 14:16:34,sell,22673.1,500.0,11339.95,1676470594.0,0.0,11339.95
BTC/USD:USD,2023-02-15 14:16:34,sell,22673.1,50.0,1133.99,1676470594.0,0.0,1133.99
BTC/USD:USD,2023-02-15 14:16:52,sell,22663.8,7882.0,178762.97,1676470612.0,0.0,178762.97
BTC/USD:USD,2023-02-15 14:16:52,sell,22663.8,515.0,11680.15,1676470612.0,0.0,11680.15
BTC/USD:USD,2023-02-15 14:17:04,sell,22663.8,53.0,1202.03,1676470624.0,0.0,1202.03
BTC/USD:USD,2023-02-15 14:17:04,sell,22663.8,54.0,1224.71,1676470624.0,0.0,1224.71
BTC/USD:USD,2023-02-15 14:17:04,sell,22663.8,1157.0,26240.64,1676470624.0,0.0,26240.64
BTC/USD:USD,2023-02-15 14:17:04,sell,22663.8,826.0,18733.6,1676470624.0,0.0,18733.6
BTC/USD:USD,2023-02-15 14:17:04,sell,22663.8,986.0,22362.38,1676470624.0,0.0,22362.38
BTC/USD:USD,2023-02-15 14:17:07,sell,22663.2,3596.0,81556.92,1676470627.0,0.0,81556.92
BTC/USD:USD,2023-02-15 14:17:07,sell,22663.2,2100.0,47627.79,1676470627.0,0.0,47627.79
BTC/USD:USD,2023-02-15 14:17:07,sell,22663.2,2293.0,52005.01,1676470627.0,0.0,52005.01
BTC/USD:USD,2023-02-15 14:17:15,sell,22656.0,196.0,4445.26,1676470635.0,0.0,4445.26
BTC/USD:USD,2023-02-15 14:17:15,sell,22656.0,113.0,2562.83,1676470635.0,0.0,2562.83
BTC/USD:USD,2023-02-15 14:17:19,sell,22655.6,500.0,11339.95,1676470639.0,0.0,11339.95
BTC/USD:USD,2023-02-15 14:17:20,sell,22655.6,4060.0,92080.39,1676470640.0,0.0,92080.39
BTC/USD:USD,2023-02-15 14:17:20,sell,22655.6,2070.0,46947.39,1676470640.0,0.0,46947.39
BTC/USD:USD,2023-02-15 14:17:20,sell,22655.6,3380.0,76658.06,1676470640.0,0.0,76658.06
BTC/USD:USD,2023-02-15 14:17:20,sell,22655.6,1300.0,29483.87,1676470640.0,0.0,29483.87
BTC/USD:USD,2023-02-15 14:17:20,sell,22655.6,1931.0,43794.89,1676470640.0,0.0,43794.89
BTC/USD:USD,2023-02-19 20:08:12,buy,24431.6,500.0,12204.95,1676837292.0,12204.95,0.0
BTC/USD:USD,2023-02-19 20:08:12,buy,24431.7,91.0,2221.3,1676837292.0,2221.3,0.0
BTC/USD:USD,2023-02-19 20:08:20,buy,24435.4,500.0,12204.95,1676837300.0,12204.95,0.0
BTC/USD:USD,2023-02-19 20:08:20,buy,24435.5,500.0,12204.95,1676837300.0,12204.95,0.0
BTC/USD:USD,2023-02-19 20:08:20,buy,24435.7,676.0,16501.09,1676837300.0,16501.09,0.0
BTC/USD:USD,2023-02-19 20:08:23,buy,24432.5,599.0,14621.53,1676837303.0,14621.53,0.0
BTC/USD:USD,2023-02-19 20:08:34,buy,24437.9,50.0,1220.5,1676837314.0,1220.5,0.0
BTC/USD:USD,2023-02-19 20:08:34,buy,24438.0,500.0,12204.95,1676837314.0,12204.95,0.0
BTC/USD:USD,2023-02-19 20:08:34,buy,24438.0,500.0,12204.95,1676837314.0,12204.95,0.0
BTC/USD:USD,2023-02-19 20:08:34,buy,24440.0,260.0,6346.57,1676837314.0,6346.57,0.0
BTC/USD:USD,2023-02-19 20:08:34,buy,24440.0,500.0,12204.95,1676837314.0,12204.95,0.0
BTC/USD:USD,2023-02-19 20:08:34,buy,24440.0,50.0,1220.5,1676837314.0,1220.5,0.0
BTC/USD:USD,2023-02-19 20:08:35,sell,24448.5,149.0,3637.08,1676837315.0,0.0,3637.08
BTC/USD:USD,2023-02-19 20:08:35,sell,24448.5,69.0,1684.28,1676837315.0,0.0,1684.28
BTC/USD:USD,2023-02-19 20:08:51,sell,24439.0,140.0,3417.39,1676837331.0,0.0,3417.39
BTC/USD:USD,2023-02-19 20:08:52,sell,24439.0,560.0,13669.54,1676837332.0,0.0,13669.54
BTC/USD:USD,2023-02-19 20:08:52,sell,24439.0,8160.0,199184.78,1676837332.0,0.0,199184.78
BTC/USD:USD,2023-02-19 20:08:52,sell,24439.0,1078.0,26313.87,1676837332.0,0.0,26313.87
BTC/USD:USD,2023-02-19 20:09:07,buy,24450.0,52.0,1269.31,1676837347.0,1269.31,0.0
BTC/USD:USD,2023-02-19 20:09:08,sell,24454.9,3220.0,78599.88,1676837348.0,0.0,78599.88
BTC/USD:USD,2023-02-19 20:09:08,sell,24454.9,320.0,7811.17,1676837348.0,0.0,7811.17
BTC/USD:USD,2023-02-19 20:09:08,sell,24454.9,3763.0,91854.45,1676837348.0,0.0,91854.45
BTC/USD:USD,2023-02-19 20:09:19,buy,24460.8,50.0,1220.5,1676837359.0,1220.5,0.0
BTC/USD:USD,2023-02-19 20:09:19,buy,24460.9,51.0,1244.9,1676837359.0,1244.9,0.0
BTC/USD:USD,2023-02-19 20:09:20,buy,24461.6,146.0,3563.85,1676837360.0,3563.85,0.0
BTC/USD:USD,2023-02-19 20:09:26,buy,24462.7,140.0,3417.39,1676837366.0,3417.39,0.0
BTC/USD:USD,2023-02-19 20:09:32,buy,24454.4,7622.0,186052.26,1676837372.0,186052.26,0.0
BTC/USD:USD,2023-02-19 20:09:32,buy,24454.4,184.0,4491.42,1676837372.0,4491.42,0.0
BTC/USD:USD,2023-02-19 20:09:49,buy,24454.6,50.0,1220.5,1676837389.0,1220.5,0.0
BTC/USD:USD,2023-02-19 20:09:49,buy,24454.6,182.0,4442.6,1676837389.0,4442.6,0.0
BTC/USD:USD,2023-02-19 20:09:54,buy,24457.2,7130.0,174042.59,1676837394.0,174042.59,0.0
BTC/USD:USD,2023-02-19 20:09:54,buy,24457.2,712.0,17379.85,1676837394.0,17379.85,0.0
BTC/USD:USD,2023-02-19 20:09:57,buy,24461.8,263.0,6419.8,1676837397.0,6419.8,0.0
BTC/USD:USD,2023-02-19 20:09:58,buy,24461.8,327.0,7982.04,1676837398.0,7982.04,0.0
BTC/USD:USD,2023-02-19 20:09:58,buy,24461.8,5793.0,141406.55,1676837398.0,141406.55,0.0
BTC/USD:USD,2023-02-19 20:10:01,buy,24462.9,50.0,1220.5,1676837401.0,1220.5,0.0
BTC/USD:USD,2023-02-19 20:10:01,buy,24463.0,112.0,2733.91,1676837401.0,2733.91,0.0
BTC/USD:USD,2023-02-19 20:10:01,sell,24461.7,180.0,4393.78,1676837401.0,0.0,4393.78
BTC/USD:USD,2023-02-19 20:10:01,sell,24461.7,937.0,22872.08,1676837401.0,0.0,22872.08
BTC/USD:USD,2023-02-19 20:10:01,sell,24461.7,703.0,17160.16,1676837401.0,0.0,17160.16
BTC/USD:USD,2023-02-19 20:10:03,buy,24461.5,50.0,1220.5,1676837403.0,1220.5,0.0
BTC/USD:USD,2023-02-19 20:10:03,buy,24461.5,500.0,12204.95,1676837403.0,12204.95,0.0
BTC/USD:USD,2023-02-19 20:10:03,buy,24461.5,818.0,19967.3,1676837403.0,19967.3,0.0
BTC/USD:USD,2023-02-19 20:10:03,buy,24461.5,330.0,8055.27,1676837403.0,8055.27,0.0
BTC/USD:USD,2023-02-19 20:10:03,buy,24461.5,146.0,3563.85,1676837403.0,3563.85,0.0
BTC/USD:USD,2023-02-19 20:10:06,buy,24455.0,131.0,3197.7,1676837406.0,3197.7,0.0
BTC/USD:USD,2023-02-19 20:10:18,sell,24449.7,50.0,1220.5,1676837418.0,0.0,1220.5
BTC/USD:USD,2023-02-19 20:10:18,sell,24449.7,66.0,1611.05,1676837418.0,0.0,1611.05
BTC/USD:USD,2023-02-19 20:10:42,buy,24455.0,7018.0,171308.68,1676837442.0,171308.68,0.0
BTC/USD:USD,2023-02-19 20:11:40,buy,24411.3,6950.0,169648.8,1676837500.0,169648.8,0.0
BTC/USD:USD,2023-02-19 20:11:42,sell,24403.4,500.0,12204.95,1676837502.0,0.0,12204.95
BTC/USD:USD,2023-02-19 20:11:42,sell,24403.3,937.0,22872.08,1676837502.0,0.0,22872.08
BTC/USD:USD,2023-02-19 20:11:42,sell,24402.3,239.0,5833.97,1676837502.0,0.0,5833.97
BTC/USD:USD,2023-02-19 20:11:42,sell,24402.3,98.0,2392.17,1676837502.0,0.0,2392.17
BTC/USD:USD,2023-02-19 20:11:44,sell,24394.3,50.0,1220.5,1676837504.0,0.0,1220.5
BTC/USD:USD,2023-02-19 20:11:44,sell,24394.2,500.0,12204.95,1676837504.0,0.0,12204.95
BTC/USD:USD,2023-02-19 20:11:44,sell,24394.1,766.0,18697.98,1676837504.0,0.0,18697.98
BTC/USD:USD,2023-02-19 20:11:44,sell,24392.3,500.0,12204.95,1676837504.0,0.0,12204.95
BTC/USD:USD,2023-02-19 20:11:44,sell,24392.2,78.0,1903.97,1676837504.0,0.0,1903.97
BTC/USD:USD,2023-02-19 20:11:56,sell,24410.4,50.0,1220.5,1676837516.0,0.0,1220.5
BTC/USD:USD,2023-02-19 20:12:02,sell,24405.4,7330.0,178924.57,1676837522.0,0.0,178924.57
BTC/USD:USD,2023-02-19 20:12:02,sell,24405.4,873.0,21309.84,1676837522.0,0.0,21309.84
BTC/USD:USD,2023-02-19 20:12:22,sell,24398.4,50.0,1220.5,1676837542.0,0.0,1220.5
BTC/USD:USD,2023-02-19 20:12:27,buy,24387.9,7890.0,192594.11,1676837547.0,192594.11,0.0
BTC/USD:USD,2023-02-19 20:12:27,buy,24387.9,160.0,3905.58,1676837547.0,3905.58,0.0
BTC/USD:USD,2023-02-19 20:12:27,buy,24387.9,1650.0,40276.34,1676837547.0,40276.34,0.0
BTC/USD:USD,2023-02-19 20:12:27,buy,24387.9,277.0,6761.54,1676837547.0,6761.54,0.0
BTC/USD:USD,2023-02-19 20:12:44,sell,24398.8,1092.0,26655.61,1676837564.0,0.0,26655.61
BTC/USD:USD,2023-02-19 20:12:44,sell,24398.8,5547.0,135401.72,1676837564.0,0.0,135401.72
BTC/USD:USD,2023-02-19 20:12:48,buy,24396.7,120.0,2929.19,1676837568.0,2929.19,0.0
BTC/USD:USD,2023-02-19 20:12:50,buy,24400.6,122.0,2978.01,1676837570.0,2978.01,0.0
BTC/USD:USD,2023-02-19 20:12:55,sell,24407.6,202.0,4930.8,1676837575.0,0.0,4930.8
BTC/USD:USD,2023-02-19 20:12:55,sell,24407.6,632.0,15427.06,1676837575.0,0.0,15427.06
BTC/USD:USD,2023-02-19 20:12:57,buy,24408.9,116.0,2831.55,1676837577.0,2831.55,0.0
BTC/USD:USD,2023-02-19 20:12:59,buy,24410.0,937.0,22872.08,1676837579.0,22872.08,0.0
BTC/USD:USD,2023-02-19 20:12:59,buy,24410.0,50.0,1220.5,1676837579.0,1220.5,0.0
BTC/USD:USD,2023-02-19 20:12:59,buy,24410.1,500.0,12204.95,1676837579.0,12204.95,0.0
BTC/USD:USD,2023-02-19 20:13:01,buy,24410.1,469.0,11448.24,1676837581.0,11448.24,0.0
BTC/USD:USD,2023-02-19 20:13:01,buy,24410.1,50.0,1220.5,1676837581.0,1220.5,0.0
BTC/USD:USD,2023-02-19 20:13:01,buy,24410.1,500.0,12204.95,1676837581.0,12204.95,0.0
BTC/USD:USD,2023-02-19 20:13:01,buy,24410.2,185.0,4515.83,1676837581.0,4515.83,0.0
BTC/USD:USD,2023-02-19 20:13:16,sell,24419.9,44.0,1074.04,1676837596.0,0.0,1074.04
BTC/USD:USD,2023-02-19 20:13:26,buy,24421.8,50.0,1220.5,1676837606.0,1220.5,0.0
BTC/USD:USD,2023-02-19 20:13:32,buy,24433.3,476.0,11619.11,1676837612.0,11619.11,0.0
BTC/USD:USD,2023-02-19 20:13:39,buy,24428.0,204.0,4979.62,1676837619.0,4979.62,0.0
BTC/USD:USD,2023-02-19 20:13:46,sell,24429.3,1500.0,36614.85,1676837626.0,0.0,36614.85
BTC/USD:USD,2023-02-19 20:13:46,sell,24429.3,3140.0,76647.09,1676837626.0,0.0,76647.09
BTC/USD:USD,2023-02-19 20:13:46,sell,24429.3,378.0,9226.94,1676837626.0,0.0,9226.94
BTC/USD:USD,2023-02-19 20:13:46,sell,24429.3,1668.0,40715.71,1676837626.0,0.0,40715.71
BTC/USD:USD,2023-02-19 20:13:53,sell,24431.1,1350.0,32953.36,1676837633.0,0.0,32953.36
BTC/USD:USD,2023-02-19 20:13:53,sell,24431.1,6660.0,162569.93,1676837633.0,0.0,162569.93
BTC/USD:USD,2023-02-19 20:13:53,sell,24431.1,622.0,15182.96,1676837633.0,0.0,15182.96
BTC/USD:USD,2023-02-19 20:14:44,buy,24434.8,50.0,1220.5,1676837684.0,1220.5,0.0
BTC/USD:USD,2023-02-19 20:14:44,buy,24434.9,500.0,12204.95,1676837684.0,12204.95,0.0
BTC/USD:USD,2023-02-19 20:14:44,buy,24435.0,337.0,8226.14,1676837684.0,8226.14,0.0
BTC/USD:USD,2023-02-19 20:14:44,buy,24435.1,1094.0,26704.43,1676837684.0,26704.43,0.0
BTC/USD:USD,2023-02-19 20:14:59,buy,24426.3,974.0,23775.24,1676837699.0,23775.24,0.0
BTC/USD:USD,2023-02-19 20:14:59,buy,24426.3,3400.0,82993.66,1676837699.0,82993.66,0.0
BTC/USD:USD,2023-02-19 20:14:59,buy,24426.3,5212.0,127224.4,1676837699.0,127224.4,0.0
BTC/USD:USD,2023-02-19 20:15:01,buy,24426.6,7620.0,186003.44,1676837701.0,186003.44,0.0
BTC/USD:USD,2023-02-19 20:15:01,buy,24426.6,180.0,4393.78,1676837701.0,4393.78,0.0
BTC/USD:USD,2023-02-19 20:15:01,buy,24426.6,206.0,5028.44,1676837701.0,5028.44,0.0
BTC/USD:USD,2023-02-19 20:15:05,buy,24428.4,3120.0,76158.89,1676837705.0,76158.89,0.0
BTC/USD:USD,2023-02-19 20:15:05,buy,24428.4,3520.0,85922.85,1676837705.0,85922.85,0.0
BTC/USD:USD,2023-02-19 20:15:05,buy,24428.4,2053.0,50113.52,1676837705.0,50113.52,0.0
BTC/USD:USD,2023-02-19 20:15:17,buy,24431.2,2715.0,66272.88,1676837717.0,66272.88,0.0
BTC/USD:USD,2023-02-19 20:15:17,buy,24431.2,7116.0,173700.85,1676837717.0,173700.85,0.0
BTC/USD:USD,2023-02-19 20:16:19,sell,24409.8,50.0,1220.5,1676837779.0,0.0,1220.5
BTC/USD:USD,2023-02-19 20:16:19,sell,24409.7,63.0,1537.82,1676837779.0,0.0,1537.82
BTC/USD:USD,2023-02-19 20:16:20,sell,24407.1,50.0,1220.5,1676837780.0,0.0,1220.5
BTC/USD:USD,2023-02-19 20:16:20,sell,24407.0,72.0,1757.51,1676837780.0,0.0,1757.51
BTC/USD:USD,2023-02-19 20:16:23,sell,24406.9,408.0,9959.24,1676837783.0,0.0,9959.24
BTC/USD:USD,2023-02-19 20:16:23,sell,24406.9,92.0,2245.71,1676837783.0,0.0,2245.71
BTC/USD:USD,2023-02-19 20:16:32,sell,24394.7,50.0,1220.5,1676837792.0,0.0,1220.5
BTC/USD:USD,2023-02-19 20:16:32,sell,24394.6,500.0,12204.95,1676837792.0,0.0,12204.95
BTC/USD:USD,2023-02-19 20:16:32,sell,24394.5,347.0,8470.24,1676837792.0,0.0,8470.24
BTC/USD:USD,2023-02-19 20:16:41,sell,24391.0,50.0,1220.5,1676837801.0,0.0,1220.5
BTC/USD:USD,2023-02-19 20:16:41,sell,24391.0,88.0,2148.07,1676837801.0,0.0,2148.07
BTC/USD:USD,2023-02-19 20:16:55,buy,24396.8,50.0,1220.5,1676837815.0,1220.5,0.0
BTC/USD:USD,2023-02-19 20:16:55,buy,24396.8,500.0,12204.95,1676837815.0,12204.95,0.0
BTC/USD:USD,2023-02-19 20:16:55,buy,24396.8,358.0,8738.74,1676837815.0,8738.74,0.0
BTC/USD:USD,2023-02-19 20:16:55,sell,24396.7,202.0,4930.8,1676837815.0,0.0,4930.8
BTC/USD:USD,2023-02-19 20:16:55,sell,24396.2,50.0,1220.5,1676837815.0,0.0,1220.5
BTC/USD:USD,2023-02-19 20:16:55,sell,24396.1,500.0,12204.95,1676837815.0,0.0,12204.95
BTC/USD:USD,2023-02-19 20:16:55,sell,24396.0,226.0,5516.64,1676837815.0,0.0,5516.64
BTC/USD:USD,2023-02-19 20:17:04,buy,24393.1,82.0,2001.61,1676837824.0,2001.61,0.0
BTC/USD:USD,2023-02-19 20:17:13,sell,24384.5,50.0,1220.5,1676837833.0,0.0,1220.5
BTC/USD:USD,2023-02-19 20:17:14,sell,24384.4,479.0,11692.34,1676837834.0,0.0,11692.34
BTC/USD:USD,2023-02-19 20:17:14,sell,24384.4,50.0,1220.5,1676837834.0,0.0,1220.5
BTC/USD:USD,2023-02-19 20:17:14,sell,24381.6,1228.0,29975.36,1676837834.0,0.0,29975.36
BTC/USD:USD,2023-02-19 20:17:14,sell,24380.7,237.0,5785.15,1676837834.0,0.0,5785.15
BTC/USD:USD,2023-02-19 20:17:18,sell,24376.5,41.0,1000.81,1676837838.0,0.0,1000.81
BTC/USD:USD,2023-02-19 20:17:18,sell,24376.4,500.0,12204.95,1676837838.0,0.0,12204.95
BTC/USD:USD,2023-02-19 20:17:18,sell,24376.3,500.0,12204.95,1676837838.0,0.0,12204.95
BTC/USD:USD,2023-02-19 20:17:18,sell,24376.2,937.0,22872.08,1676837838.0,0.0,22872.08
BTC/USD:USD,2023-02-19 20:17:20,sell,24376.2,63.0,1537.82,1676837840.0,0.0,1537.82
BTC/USD:USD,2023-02-19 20:17:20,sell,24373.0,187.0,4564.65,1676837840.0,0.0,4564.65
BTC/USD:USD,2023-02-19 20:17:22,sell,24373.6,50.0,1220.5,1676837842.0,0.0,1220.5
BTC/USD:USD,2023-02-19 20:17:22,sell,24373.5,182.0,4442.6,1676837842.0,0.0,4442.6
BTC/USD:USD,2023-02-19 20:17:24,sell,24368.8,50.0,1220.5,1676837844.0,0.0,1220.5
BTC/USD:USD,2023-02-19 20:17:24,sell,24368.8,408.0,9959.24,1676837844.0,0.0,9959.24
BTC/USD:USD,2023-02-19 20:17:27,sell,24363.6,50.0,1220.5,1676837847.0,0.0,1220.5
BTC/USD:USD,2023-02-19 20:17:28,sell,24362.0,50.0,1220.5,1676837848.0,0.0,1220.5
BTC/USD:USD,2023-02-19 20:17:28,sell,24361.2,50.0,1220.5,1676837848.0,0.0,1220.5
BTC/USD:USD,2023-02-19 20:17:30,buy,24371.0,50.0,1220.5,1676837850.0,1220.5,0.0
BTC/USD:USD,2023-02-19 20:17:30,buy,24373.2,478.0,11667.93,1676837850.0,11667.93,0.0
BTC/USD:USD,2023-02-19 20:17:46,buy,24367.3,212.0,5174.9,1676837866.0,5174.9,0.0
BTC/USD:USD,2023-02-19 20:17:49,sell,24364.6,105.0,2563.04,1676837869.0,0.0,2563.04
BTC/USD:USD,2023-02-19 20:17:49,sell,24360.2,46.0,1122.86,1676837869.0,0.0,1122.86
BTC/USD:USD,2023-02-19 20:17:49,buy,24353.7,45.0,1098.45,1676837869.0,1098.45,0.0
BTC/USD:USD,2023-02-19 20:17:51,sell,24340.7,604.0,14743.58,1676837871.0,0.0,14743.58
BTC/USD:USD,2023-02-19 20:17:51,sell,24340.1,114.0,2782.73,1676837871.0,0.0,2782.73
BTC/USD:USD,2023-02-19 20:17:51,sell,24340.0,100.0,2440.99,1676837871.0,0.0,2440.99
BTC/USD:USD,2023-02-19 20:17:51,sell,24337.0,75.0,1830.74,1676837871.0,0.0,1830.74
BTC/USD:USD,2023-02-19 20:17:51,sell,24333.2,221.0,5394.59,1676837871.0,0.0,5394.59
BTC/USD:USD,2023-02-19 20:17:52,sell,24337.2,108.0,2636.27,1676837872.0,0.0,2636.27
BTC/USD:USD,2023-02-19 20:17:55,sell,24328.0,181.0,4418.19,1676837875.0,0.0,4418.19
BTC/USD:USD,2023-02-19 20:17:55,sell,24328.0,84.0,2050.43,1676837875.0,0.0,2050.43
BTC/USD:USD,2023-02-19 20:17:55,sell,24328.0,291.0,7103.28,1676837875.0,0.0,7103.28
BTC/USD:USD,2023-02-19 20:17:55,buy,24329.6,70.0,1708.69,1676837875.0,1708.69,0.0
BTC/USD:USD,2023-02-19 20:17:56,sell,24321.4,410.0,10008.06,1676837876.0,0.0,10008.06
BTC/USD:USD,2023-02-19 20:17:56,sell,24320.9,45.0,1098.45,1676837876.0,0.0,1098.45
BTC/USD:USD,2023-02-19 20:17:56,sell,24318.9,52.0,1269.31,1676837876.0,0.0,1269.31
BTC/USD:USD,2023-02-19 20:18:00,sell,24341.1,1228.0,29975.36,1676837880.0,0.0,29975.36
BTC/USD:USD,2023-02-19 20:18:00,sell,24340.3,8560.0,208948.74,1676837880.0,0.0,208948.74
BTC/USD:USD,2023-02-19 20:18:00,sell,24340.3,856.0,20894.87,1676837880.0,0.0,20894.87
BTC/USD:USD,2023-02-19 20:18:00,sell,24340.3,4464.0,108965.79,1676837880.0,0.0,108965.79
BTC/USD:USD,2023-02-19 20:18:02,buy,24347.5,50.0,1220.5,1676837882.0,1220.5,0.0
BTC/USD:USD,2023-02-19 20:18:02,buy,24347.8,58.0,1415.77,1676837882.0,1415.77,0.0
BTC/USD:USD,2023-02-19 20:18:02,buy,24347.8,42.0,1025.22,1676837882.0,1025.22,0.0
BTC/USD:USD,2023-02-19 20:18:03,buy,24349.3,500.0,12204.95,1676837883.0,12204.95,0.0
BTC/USD:USD,2023-02-19 20:18:03,buy,24349.3,632.0,15427.06,1676837883.0,15427.06,0.0
BTC/USD:USD,2023-02-19 20:18:07,buy,24340.9,50.0,1220.5,1676837887.0,1220.5,0.0
BTC/USD:USD,2023-02-19 20:18:12,buy,24346.4,430.0,10496.26,1676837892.0,10496.26,0.0
BTC/USD:USD,2023-02-19 20:18:15,buy,24358.0,100.0,2440.99,1676837895.0,2440.99,0.0
BTC/USD:USD,2023-02-19 20:18:19,buy,24363.8,236.0,5760.74,1676837899.0,5760.74,0.0
BTC/USD:USD,2023-02-19 20:18:27,buy,24340.1,1228.0,29975.36,1676837907.0,29975.36,0.0
BTC/USD:USD,2023-02-19 20:18:27,buy,24340.1,288.0,7030.05,1676837907.0,7030.05,0.0
BTC/USD:USD,2023-02-19 20:18:28,buy,24341.1,121.0,2953.6,1676837908.0,2953.6,0.0
BTC/USD:USD,2023-02-19 20:18:34,sell,24347.4,50.0,1220.5,1676837914.0,0.0,1220.5
BTC/USD:USD,2023-02-19 20:18:43,sell,24334.0,93.0,2270.12,1676837923.0,0.0,2270.12
BTC/USD:USD,2023-02-19 20:19:03,sell,24319.7,500.0,12204.95,1676837943.0,0.0,12204.95
BTC/USD:USD,2023-02-19 20:19:03,sell,24319.6,100.0,2440.99,1676837943.0,0.0,2440.99
BTC/USD:USD,2023-02-19 20:19:03,sell,24319.6,100.0,2440.99,1676837943.0,0.0,2440.99
BTC/USD:USD,2023-02-19 20:19:04,buy,24315.6,113.0,2758.32,1676837944.0,2758.32,0.0
BTC/USD:USD,2023-02-19 20:19:05,sell,24309.0,50.0,1220.5,1676837945.0,0.0,1220.5
BTC/USD:USD,2023-02-19 20:19:05,sell,24308.9,500.0,12204.95,1676837945.0,0.0,12204.95
BTC/USD:USD,2023-02-19 20:19:05,sell,24308.8,270.0,6590.67,1676837945.0,0.0,6590.67
BTC/USD:USD,2023-02-19 20:19:05,sell,24308.7,696.0,16989.29,1676837945.0,0.0,16989.29
BTC/USD:USD,2023-02-19 20:19:06,sell,24308.1,123.0,3002.42,1676837946.0,0.0,3002.42
BTC/USD:USD,2023-02-19 20:19:07,sell,24308.0,43.0,1049.63,1676837947.0,0.0,1049.63
BTC/USD:USD,2023-02-19 20:19:08,sell,24300.0,230.0,5614.28,1676837948.0,0.0,5614.28
BTC/USD:USD,2023-02-19 20:19:08,sell,24300.0,57.0,1391.36,1676837948.0,0.0,1391.36
BTC/USD:USD,2023-02-19 20:19:08,sell,24300.0,188.0,4589.06,1676837948.0,0.0,4589.06
BTC/USD:USD,2023-02-19 20:19:09,sell,24302.1,50.0,1220.5,1676837949.0,0.0,1220.5
BTC/USD:USD,2023-02-19 20:19:09,sell,24293.7,50.0,1220.5,1676837949.0,0.0,1220.5
BTC/USD:USD,2023-02-19 20:19:09,sell,24292.0,48.0,1171.68,1676837949.0,0.0,1171.68
BTC/USD:USD,2023-02-19 20:19:10,sell,24288.8,214.0,5223.72,1676837950.0,0.0,5223.72
BTC/USD:USD,2023-02-19 20:19:10,buy,24292.9,50.0,1220.5,1676837950.0,1220.5,0.0
BTC/USD:USD,2023-02-19 20:19:10,buy,24293.0,500.0,12204.95,1676837950.0,12204.95,0.0
BTC/USD:USD,2023-02-19 20:19:10,buy,24293.8,686.0,16745.19,1676837950.0,16745.19,0.0
BTC/USD:USD,2023-02-19 20:19:10,sell,24288.8,51.0,1244.9,1676837950.0,0.0,1244.9
BTC/USD:USD,2023-02-19 20:19:10,sell,24290.6,94.0,2294.53,1676837950.0,0.0,2294.53
BTC/USD:USD,2023-02-19 20:19:10,sell,24288.9,50.0,1220.5,1676837950.0,0.0,1220.5
BTC/USD:USD,2023-02-19 20:19:10,sell,24288.9,500.0,12204.95,1676837950.0,0.0,12204.95
BTC/USD:USD,2023-02-19 20:19:10,sell,24288.8,60.0,1464.59,1676837950.0,0.0,1464.59
BTC/USD:USD,2023-02-19 20:19:10,sell,24288.9,259.0,6322.16,1676837950.0,0.0,6322.16
BTC/USD:USD,2023-02-19 20:19:10,sell,24288.9,93.0,2270.12,1676837950.0,0.0,2270.12
BTC/USD:USD,2023-02-19 20:19:10,sell,24288.9,148.0,3612.67,1676837950.0,0.0,3612.67
BTC/USD:USD,2023-02-19 20:19:10,sell,24288.8,462.0,11277.37,1676837950.0,0.0,11277.37
BTC/USD:USD,2023-02-19 20:19:11,sell,24288.8,185.0,4515.83,1676837951.0,0.0,4515.83
BTC/USD:USD,2023-02-19 20:19:11,sell,24281.8,500.0,12204.95,1676837951.0,0.0,12204.95
BTC/USD:USD,2023-02-19 20:19:11,sell,24281.7,410.0,10008.06,1676837951.0,0.0,10008.06
BTC/USD:USD,2023-02-19 20:19:11,sell,24281.2,279.0,6810.36,1676837951.0,0.0,6810.36
BTC/USD:USD,2023-02-19 20:19:11,sell,24281.3,50.0,1220.5,1676837951.0,0.0,1220.5
BTC/USD:USD,2023-02-19 20:19:11,sell,24281.2,376.0,9178.12,1676837951.0,0.0,9178.12
BTC/USD:USD,2023-02-19 20:19:11,sell,24281.2,302.0,7371.79,1676837951.0,0.0,7371.79
BTC/USD:USD,2023-02-19 20:19:11,sell,24281.2,99.0,2416.58,1676837951.0,0.0,2416.58
BTC/USD:USD,2023-02-19 20:19:12,sell,24280.5,751.0,18331.83,1676837952.0,0.0,18331.83
BTC/USD:USD,2023-02-19 20:19:12,sell,24280.0,100.0,2440.99,1676837952.0,0.0,2440.99
BTC/USD:USD,2023-02-19 20:19:12,sell,24279.0,50.0,1220.5,1676837952.0,0.0,1220.5
BTC/USD:USD,2023-02-19 20:19:12,sell,24279.0,360.0,8787.56,1676837952.0,0.0,8787.56
BTC/USD:USD,2023-02-19 20:19:12,sell,24277.2,411.0,10032.47,1676837952.0,0.0,10032.47
BTC/USD:USD,2023-02-19 20:19:12,sell,24275.0,506.0,12351.41,1676837952.0,0.0,12351.41
BTC/USD:USD,2023-02-19 20:19:12,sell,24275.0,212.0,5174.9,1676837952.0,0.0,5174.9
BTC/USD:USD,2023-02-19 20:19:12,sell,24274.4,410.0,10008.06,1676837952.0,0.0,10008.06
BTC/USD:USD,2023-02-19 20:19:12,sell,24270.6,500.0,12204.95,1676837952.0,0.0,12204.95
BTC/USD:USD,2023-02-19 20:19:12,sell,24270.5,410.0,10008.06,1676837952.0,0.0,10008.06
BTC/USD:USD,2023-02-19 20:19:12,sell,24269.2,1102.0,26899.71,1676837952.0,0.0,26899.71
BTC/USD:USD,2023-02-19 20:19:12,sell,24269.2,80.0,1952.79,1676837952.0,0.0,1952.79
BTC/USD:USD,2023-02-19 20:19:12,sell,24269.2,52.0,1269.31,1676837952.0,0.0,1269.31
BTC/USD:USD,2023-02-19 20:19:13,sell,24269.3,100.0,2440.99,1676837953.0,0.0,2440.99
BTC/USD:USD,2023-02-19 20:19:13,sell,24269.3,400.0,9763.96,1676837953.0,0.0,9763.96
BTC/USD:USD,2023-02-19 20:19:13,sell,24269.3,50.0,1220.5,1676837953.0,0.0,1220.5
BTC/USD:USD,2023-02-19 20:19:13,sell,24268.4,106.0,2587.45,1676837953.0,0.0,2587.45
BTC/USD:USD,2023-02-19 20:19:13,sell,24268.4,50.0,1220.5,1676837953.0,0.0,1220.5
BTC/USD:USD,2023-02-19 20:19:13,sell,24264.3,218.0,5321.36,1676837953.0,0.0,5321.36
BTC/USD:USD,2023-02-19 20:19:14,buy,24266.0,235.0,5736.33,1676837954.0,5736.33,0.0
BTC/USD:USD,2023-02-19 20:19:14,buy,24266.1,1102.0,26899.71,1676837954.0,26899.71,0.0
BTC/USD:USD,2023-02-19 20:19:15,buy,24277.0,100.0,2440.99,1676837955.0,2440.99,0.0
BTC/USD:USD,2023-02-19 20:19:16,buy,24277.1,50.0,1220.5,1676837956.0,1220.5,0.0
BTC/USD:USD,2023-02-19 20:19:19,buy,24297.1,500.0,12204.95,1676837959.0,12204.95,0.0
BTC/USD:USD,2023-02-19 20:19:24,buy,24303.0,500.0,12204.95,1676837964.0,12204.95,0.0
BTC/USD:USD,2023-02-19 20:19:24,buy,24303.1,500.0,12204.95,1676837964.0,12204.95,0.0
BTC/USD:USD,2023-02-19 20:19:24,buy,24303.1,123.0,3002.42,1676837964.0,3002.42,0.0
BTC/USD:USD,2023-02-19 20:19:24,buy,24303.0,123.0,3002.42,1676837964.0,3002.42,0.0
BTC/USD:USD,2023-02-19 20:19:24,buy,24303.0,130.0,3173.29,1676837964.0,3173.29,0.0
BTC/USD:USD,2023-02-19 20:19:24,buy,24303.0,247.0,6029.25,1676837964.0,6029.25,0.0
BTC/USD:USD,2023-02-19 20:19:24,buy,24317.2,356.0,8689.92,1676837964.0,8689.92,0.0
BTC/USD:USD,2023-02-19 20:19:25,buy,24313.3,448.0,10935.64,1676837965.0,10935.64,0.0
BTC/USD:USD,2023-02-19 20:19:25,buy,24313.3,52.0,1269.31,1676837965.0,1269.31,0.0
BTC/USD:USD,2023-02-19 20:19:25,buy,24319.9,376.0,9178.12,1676837965.0,9178.12,0.0
BTC/USD:USD,2023-02-19 20:19:25,buy,24321.7,411.0,10032.47,1676837965.0,10032.47,0.0
BTC/USD:USD,2023-02-19 20:19:25,buy,24325.0,411.0,10032.47,1676837965.0,10032.47,0.0
BTC/USD:USD,2023-02-19 20:19:29,buy,24336.1,50.0,1220.5,1676837969.0,1220.5,0.0
BTC/USD:USD,2023-02-19 20:19:29,sell,24348.3,202.0,4930.8,1676837969.0,0.0,4930.8
BTC/USD:USD,2023-02-19 20:19:29,sell,24344.7,500.0,12204.95,1676837969.0,0.0,12204.95
BTC/USD:USD,2023-02-19 20:19:29,sell,24344.6,98.0,2392.17,1676837969.0,0.0,2392.17
BTC/USD:USD,2023-02-19 20:19:29,buy,24347.6,619.0,15109.73,1676837969.0,15109.73,0.0
BTC/USD:USD,2023-02-19 20:19:32,sell,24354.8,576.0,14060.1,1676837972.0,0.0,14060.1
BTC/USD:USD,2023-02-19 20:19:35,buy,24350.5,769.0,18771.21,1676837975.0,18771.21,0.0
BTC/USD:USD,2023-02-19 20:19:35,sell,24350.4,47.0,1147.27,1676837975.0,0.0,1147.27
BTC/USD:USD,2023-02-19 20:19:40,buy,24354.1,756.0,18453.88,1676837980.0,18453.88,0.0
BTC/USD:USD,2023-02-19 20:19:42,buy,24356.4,43.0,1049.63,1676837982.0,1049.63,0.0
BTC/USD:USD,2023-02-19 20:19:49,buy,24364.4,101.0,2465.4,1676837989.0,2465.4,0.0
BTC/USD:USD,2023-02-19 20:19:52,buy,24359.8,100.0,2440.99,1676837992.0,2440.99,0.0
BTC/USD:USD,2023-02-19 20:19:52,buy,24360.4,338.0,8250.55,1676837992.0,8250.55,0.0
BTC/USD:USD,2023-02-19 20:19:55,sell,24364.9,96.0,2343.35,1676837995.0,0.0,2343.35
BTC/USD:USD,2023-02-19 20:19:58,buy,24370.1,870.0,21236.61,1676837998.0,21236.61,0.0
BTC/USD:USD,2023-02-19 20:19:58,buy,24370.2,276.0,6737.13,1676837998.0,6737.13,0.0
BTC/USD:USD,2023-02-19 20:20:06,sell,24368.4,50.0,1220.5,1676838006.0,0.0,1220.5
BTC/USD:USD,2023-02-19 20:20:06,sell,24360.6,73.0,1781.92,1676838006.0,0.0,1781.92
BTC/USD:USD,2023-02-19 20:20:11,sell,24376.6,50.0,1220.5,1676838011.0,0.0,1220.5
BTC/USD:USD,2023-02-19 20:20:11,sell,24374.2,66.0,1611.05,1676838011.0,0.0,1611.05
BTC/USD:USD,2023-02-19 20:20:14,sell,24379.8,54.0,1318.13,1676838014.0,0.0,1318.13
BTC/USD:USD,2023-02-19 20:20:17,buy,24380.0,100.0,2440.99,1676838017.0,2440.99,0.0
BTC/USD:USD,2023-02-19 20:20:20,buy,24398.9,50.0,1220.5,1676838020.0,1220.5,0.0
BTC/USD:USD,2023-02-19 20:20:20,buy,24399.0,100.0,2440.99,1676838020.0,2440.99,0.0
BTC/USD:USD,2023-02-19 20:20:20,buy,24402.0,500.0,12204.95,1676838020.0,12204.95,0.0
BTC/USD:USD,2023-02-19 20:20:20,buy,24402.1,140.0,3417.39,1676838020.0,3417.39,0.0
BTC/USD:USD,2023-02-19 20:20:29,buy,24407.8,65.0,1586.64,1676838029.0,1586.64,0.0
BTC/USD:USD,2023-02-19 20:20:33,sell,24413.7,769.0,18771.21,1676838033.0,0.0,18771.21
BTC/USD:USD,2023-02-19 20:20:33,sell,24413.6,50.0,1220.5,1676838033.0,0.0,1220.5
BTC/USD:USD,2023-02-19 20:20:33,sell,24413.6,500.0,12204.95,1676838033.0,0.0,12204.95
BTC/USD:USD,2023-02-19 20:20:33,sell,24413.5,3960.0,96663.2,1676838033.0,0.0,96663.2
BTC/USD:USD,2023-02-19 20:20:33,sell,24413.5,4275.0,104352.32,1676838033.0,0.0,104352.32
BTC/USD:USD,2023-02-19 20:20:33,buy,24416.3,50.0,1220.5,1676838033.0,1220.5,0.0
BTC/USD:USD,2023-02-19 20:20:40,buy,24417.0,300.0,7322.97,1676838040.0,7322.97,0.0
BTC/USD:USD,2023-02-19 20:20:40,buy,24417.0,57.0,1391.36,1676838040.0,1391.36,0.0
BTC/USD:USD,2023-02-19 20:20:40,buy,24417.0,314.0,7664.71,1676838040.0,7664.71,0.0
BTC/USD:USD,2023-02-19 20:20:41,sell,24419.9,937.0,22872.08,1676838041.0,0.0,22872.08
BTC/USD:USD,2023-02-19 20:20:41,sell,24419.7,751.0,18331.83,1676838041.0,0.0,18331.83
BTC/USD:USD,2023-02-19 20:20:41,sell,24419.7,50.0,1220.5,1676838041.0,0.0,1220.5
BTC/USD:USD,2023-02-19 20:20:41,sell,24419.4,68.0,1659.87,1676838041.0,0.0,1659.87
BTC/USD:USD,2023-02-19 20:20:47,buy,24406.7,368.0,8982.84,1676838047.0,8982.84,0.0
BTC/USD:USD,2023-02-19 20:20:52,sell,24402.6,202.0,4930.8,1676838052.0,0.0,4930.8
BTC/USD:USD,2023-02-19 20:20:52,sell,24402.0,360.0,8787.56,1676838052.0,0.0,8787.56
BTC/USD:USD,2023-02-19 20:20:56,sell,24402.0,317.0,7737.94,1676838056.0,0.0,7737.94
BTC/USD:USD,2023-02-19 20:20:58,buy,24402.1,360.0,8787.56,1676838058.0,8787.56,0.0
BTC/USD:USD,2023-02-19 20:20:59,sell,24402.0,300.0,7322.97,1676838059.0,0.0,7322.97
BTC/USD:USD,2023-02-19 20:20:59,sell,24402.0,735.0,17941.28,1676838059.0,0.0,17941.28
BTC/USD:USD,2023-02-19 20:21:01,buy,24410.5,360.0,8787.56,1676838061.0,8787.56,0.0
BTC/USD:USD,2023-02-19 20:21:02,sell,24402.0,275.0,6712.72,1676838062.0,0.0,6712.72
BTC/USD:USD,2023-02-19 20:21:04,sell,24389.8,50.0,1220.5,1676838064.0,0.0,1220.5
BTC/USD:USD,2023-02-19 20:21:04,sell,24382.6,500.0,12204.95,1676838064.0,0.0,12204.95
BTC/USD:USD,2023-02-19 20:21:04,sell,24382.5,769.0,18771.21,1676838064.0,0.0,18771.21
BTC/USD:USD,2023-02-19 20:21:04,sell,24382.2,155.0,3783.53,1676838064.0,0.0,3783.53
BTC/USD:USD,2023-02-19 20:21:04,buy,24384.5,5690.0,138892.33,1676838064.0,138892.33,0.0
BTC/USD:USD,2023-02-19 20:21:06,buy,24380.6,50.0,1220.5,1676838066.0,1220.5,0.0
BTC/USD:USD,2023-02-19 20:21:06,buy,24380.7,500.0,12204.95,1676838066.0,12204.95,0.0
BTC/USD:USD,2023-02-19 20:21:06,buy,24380.8,50.0,1220.5,1676838066.0,1220.5,0.0
BTC/USD:USD,2023-02-19 20:21:25,buy,24398.3,50.0,1220.5,1676838085.0,1220.5,0.0
BTC/USD:USD,2023-02-19 20:21:29,buy,24405.3,1245.0,30390.33,1676838089.0,30390.33,0.0
BTC/USD:USD,2023-02-19 20:21:29,buy,24405.3,555.0,13547.49,1676838089.0,13547.49,0.0
BTC/USD:USD,2023-02-19 20:21:29,buy,24405.3,3734.0,91146.57,1676838089.0,91146.57,0.0
BTC/USD:USD,2023-02-19 20:21:38,sell,24414.6,100.0,2440.99,1676838098.0,0.0,2440.99
BTC/USD:USD,2023-02-19 20:21:44,buy,24410.2,77.0,1879.56,1676838104.0,1879.56,0.0
BTC/USD:USD,2023-02-19 20:22:02,buy,24424.0,50.0,1220.5,1676838122.0,1220.5,0.0
BTC/USD:USD,2023-02-19 20:22:06,sell,24424.0,280.0,6834.77,1676838126.0,0.0,6834.77
BTC/USD:USD,2023-02-19 20:22:12,sell,24434.5,97.0,2367.76,1676838132.0,0.0,2367.76
BTC/USD:USD,2023-02-19 20:22:12,buy,24434.6,150.0,3661.48,1676838132.0,3661.48,0.0
BTC/USD:USD,2023-02-19 20:22:14,buy,24435.4,50.0,1220.5,1676838134.0,1220.5,0.0
BTC/USD:USD,2023-02-19 20:22:14,buy,24435.5,500.0,12204.95,1676838134.0,12204.95,0.0
BTC/USD:USD,2023-02-19 20:22:14,buy,24435.6,409.0,9983.65,1676838134.0,9983.65,0.0
BTC/USD:USD,2023-02-19 20:22:22,sell,24430.9,123.0,3002.42,1676838142.0,0.0,3002.42
BTC/USD:USD,2023-02-19 20:22:23,sell,24430.9,1221.0,29804.49,1676838143.0,0.0,29804.49
BTC/USD:USD,2023-02-19 20:22:29,buy,24418.6,50.0,1220.5,1676838149.0,1220.5,0.0
BTC/USD:USD,2023-02-19 20:22:29,buy,24418.6,6634.0,161935.28,1676838149.0,161935.28,0.0
BTC/USD:USD,2023-02-19 20:22:42,sell,24416.0,202.0,4930.8,1676838162.0,0.0,4930.8
BTC/USD:USD,2023-02-19 20:22:45,buy,24415.9,5200.0,126931.48,1676838165.0,126931.48,0.0
BTC/USD:USD,2023-02-19 20:22:45,buy,24415.9,291.0,7103.28,1676838165.0,7103.28,0.0
BTC/USD:USD,2023-02-19 20:22:47,sell,24409.6,50.0,1220.5,1676838167.0,0.0,1220.5
BTC/USD:USD,2023-02-19 20:22:56,sell,24400.0,202.0,4930.8,1676838176.0,0.0,4930.8
BTC/USD:USD,2023-02-19 20:22:56,sell,24398.5,429.0,10471.85,1676838176.0,0.0,10471.85
BTC/USD:USD,2023-02-19 20:23:10,sell,24393.4,51.0,1244.9,1676838190.0,0.0,1244.9
BTC/USD:USD,2023-02-19 20:23:10,sell,24391.5,351.0,8567.87,1676838190.0,0.0,8567.87
BTC/USD:USD,2023-02-19 20:23:18,sell,24391.7,500.0,12204.95,1676838198.0,0.0,12204.95
BTC/USD:USD,2023-02-19 20:23:18,sell,24391.6,745.0,18185.38,1676838198.0,0.0,18185.38
BTC/USD:USD,2023-02-19 20:23:38,sell,24393.8,7716.0,188346.79,1676838218.0,0.0,188346.79
BTC/USD:USD,2023-02-19 20:23:39,sell,24393.4,153.0,3734.71,1676838219.0,0.0,3734.71
BTC/USD:USD,2023-02-19 20:23:47,sell,24401.8,50.0,1220.5,1676838227.0,0.0,1220.5
BTC/USD:USD,2023-02-19 20:23:47,sell,24401.7,187.0,4564.65,1676838227.0,0.0,4564.65
BTC/USD:USD,2023-02-19 20:23:50,sell,24401.9,215.0,5248.13,1676838230.0,0.0,5248.13
BTC/USD:USD,2023-02-19 20:24:05,buy,24393.1,743.0,18136.56,1676838245.0,18136.56,0.0
BTC/USD:USD,2023-02-19 20:24:05,buy,24393.1,293.0,7152.1,1676838245.0,7152.1,0.0
BTC/USD:USD,2023-02-19 20:24:05,buy,24394.0,44.0,1074.04,1676838245.0,1074.04,0.0
BTC/USD:USD,2023-02-19 20:24:10,buy,24386.4,71.0,1733.1,1676838250.0,1733.1,0.0
BTC/USD:USD,2023-02-19 20:24:11,sell,24384.7,50.0,1220.5,1676838251.0,0.0,1220.5
BTC/USD:USD,2023-02-19 20:24:11,sell,24384.7,500.0,12204.95,1676838251.0,0.0,12204.95
BTC/USD:USD,2023-02-19 20:24:25,sell,24381.9,143.0,3490.62,1676838265.0,0.0,3490.62
BTC/USD:USD,2023-02-19 20:24:49,sell,24376.2,202.0,4930.8,1676838289.0,0.0,4930.8
BTC/USD:USD,2023-02-19 20:24:49,sell,24374.2,50.0,1220.5,1676838289.0,0.0,1220.5
BTC/USD:USD,2023-02-19 20:24:49,sell,24374.1,500.0,12204.95,1676838289.0,0.0,12204.95
BTC/USD:USD,2023-02-19 20:24:49,sell,24374.0,937.0,22872.08,1676838289.0,0.0,22872.08
BTC/USD:USD,2023-02-19 20:24:49,sell,24373.6,311.0,7591.48,1676838289.0,0.0,7591.48
BTC/USD:USD,2023-02-19 20:24:52,sell,24382.6,146.0,3563.85,1676838292.0,0.0,3563.85
BTC/USD:USD,2023-02-19 20:24:57,buy,24396.6,50.0,1220.5,1676838297.0,1220.5,0.0
BTC/USD:USD,2023-02-19 20:25:02,sell,24396.5,62.0,1513.41,1676838302.0,0.0,1513.41
BTC/USD:USD,2023-02-19 20:25:05,buy,24396.7,500.0,12204.95,1676838305.0,12204.95,0.0
BTC/USD:USD,2023-02-19 20:25:05,buy,24396.7,366.0,8934.02,1676838305.0,8934.02,0.0
BTC/USD:USD,2023-02-19 20:25:15,sell,24395.6,500.0,12204.95,1676838315.0,0.0,12204.95
BTC/USD:USD,2023-02-19 20:25:15,sell,24395.6,500.0,12204.95,1676838315.0,0.0,12204.95
BTC/USD:USD,2023-02-19 20:25:15,sell,24395.6,50.0,1220.5,1676838315.0,0.0,1220.5
BTC/USD:USD,2023-02-19 20:25:15,sell,24395.5,850.0,20748.42,1676838315.0,0.0,20748.42
BTC/USD:USD,2023-02-19 20:25:29,buy,24402.3,50.0,1220.5,1676838329.0,1220.5,0.0
BTC/USD:USD,2023-02-19 20:25:29,buy,24402.4,500.0,12204.95,1676838329.0,12204.95,0.0
BTC/USD:USD,2023-02-19 20:25:29,buy,24402.5,166.0,4052.04,1676838329.0,4052.04,0.0
BTC/USD:USD,2023-02-19 20:25:30,buy,24405.3,50.0,1220.5,1676838330.0,1220.5,0.0
BTC/USD:USD,2023-02-19 20:25:34,sell,24405.3,756.0,18453.88,1676838334.0,0.0,18453.88
BTC/USD:USD,2023-02-19 20:25:36,buy,24407.3,500.0,12204.95,1676838336.0,12204.95,0.0
BTC/USD:USD,2023-02-19 20:25:36,buy,24407.3,500.0,12204.95,1676838336.0,12204.95,0.0
BTC/USD:USD,2023-02-19 20:25:40,buy,24415.4,50.0,1220.5,1676838340.0,1220.5,0.0
BTC/USD:USD,2023-02-19 20:25:40,buy,24415.5,500.0,12204.95,1676838340.0,12204.95,0.0
BTC/USD:USD,2023-02-19 20:25:40,buy,24416.4,259.0,6322.16,1676838340.0,6322.16,0.0
BTC/USD:USD,2023-02-19 20:25:47,buy,24416.4,50.0,1220.5,1676838347.0,1220.5,0.0
BTC/USD:USD,2023-02-19 20:25:48,buy,24414.9,250.0,6102.48,1676838348.0,6102.48,0.0
BTC/USD:USD,2023-02-19 20:25:48,buy,24414.9,51.0,1244.9,1676838348.0,1244.9,0.0
BTC/USD:USD,2023-02-19 20:25:49,buy,24416.9,937.0,22872.08,1676838349.0,22872.08,0.0
BTC/USD:USD,2023-02-19 20:25:49,buy,24417.3,50.0,1220.5,1676838349.0,1220.5,0.0
BTC/USD:USD,2023-02-19 20:25:49,buy,24417.4,500.0,12204.95,1676838349.0,12204.95,0.0
BTC/USD:USD,2023-02-19 20:25:49,buy,24417.5,368.0,8982.84,1676838349.0,8982.84,0.0
BTC/USD:USD,2023-02-19 20:26:22,buy,24396.6,7253.0,177045.0,1676838382.0,177045.0,0.0
BTC/USD:USD,2023-02-19 20:26:48,buy,24407.7,500.0,12204.95,1676838408.0,12204.95,0.0
BTC/USD:USD,2023-02-19 20:26:48,buy,24407.7,50.0,1220.5,1676838408.0,1220.5,0.0
BTC/USD:USD,2023-02-19 20:26:48,buy,24407.8,1250.0,30512.38,1676838408.0,30512.38,0.0
BTC/USD:USD,2023-02-19 20:26:58,buy,24404.9,6666.0,162716.39,1676838418.0,162716.39,0.0
BTC/USD:USD,2023-02-19 20:27:34,sell,24383.7,743.0,18136.56,1676838454.0,0.0,18136.56
BTC/USD:USD,2023-02-19 20:27:34,sell,24383.6,50.0,1220.5,1676838454.0,0.0,1220.5
BTC/USD:USD,2023-02-19 20:27:34,sell,24383.5,442.0,10789.18,1676838454.0,0.0,10789.18
BTC/USD:USD,2023-02-19 20:28:31,sell,24356.4,61.0,1489.0,1676838511.0,0.0,1489.0
BTC/USD:USD,2023-02-19 20:28:33,sell,24354.2,50.0,1220.5,1676838513.0,0.0,1220.5
BTC/USD:USD,2023-02-19 20:28:33,sell,24354.2,500.0,12204.95,1676838513.0,0.0,12204.95
BTC/USD:USD,2023-02-19 20:28:33,sell,24354.1,196.0,4784.34,1676838513.0,0.0,4784.34
BTC/USD:USD,2023-02-19 20:28:33,sell,24352.3,79.0,1928.38,1676838513.0,0.0,1928.38
BTC/USD:USD,2023-02-19 20:28:34,sell,24356.2,937.0,22872.08,1676838514.0,0.0,22872.08
BTC/USD:USD,2023-02-19 20:28:34,sell,24354.6,50.0,1220.5,1676838514.0,0.0,1220.5
BTC/USD:USD,2023-02-19 20:28:34,sell,24354.5,144.0,3515.03,1676838514.0,0.0,3515.03
BTC/USD:USD,2023-02-19 20:28:38,sell,24345.7,500.0,12204.95,1676838518.0,0.0,12204.95
BTC/USD:USD,2023-02-19 20:28:38,sell,24345.6,46.0,1122.86,1676838518.0,0.0,1122.86
BTC/USD:USD,2023-02-19 20:28:46,sell,24340.0,341.0,8323.78,1676838526.0,0.0,8323.78
BTC/USD:USD,2023-02-19 20:28:47,sell,24338.9,50.0,1220.5,1676838527.0,0.0,1220.5
BTC/USD:USD,2023-02-19 20:28:55,buy,24338.1,50.0,1220.5,1676838535.0,1220.5,0.0
BTC/USD:USD,2023-02-19 20:28:57,sell,24348.8,521.0,12717.56,1676838537.0,0.0,12717.56
BTC/USD:USD,2023-02-19 20:28:57,sell,24348.8,3360.0,82017.26,1676838537.0,0.0,82017.26
BTC/USD:USD,2023-02-19 20:28:57,sell,24348.8,2443.0,59633.39,1676838537.0,0.0,59633.39
BTC/USD:USD,2023-02-19 20:29:02,buy,24349.8,500.0,12204.95,1676838542.0,12204.95,0.0
